3125 4867
1293 246 1716 321 ——60-4

894 431 1067 490 Unde
1112 433 1166 490 is
1180 434 1208 491 ἱ)
1252 431 1396 508 quid
1439 432 1601 508 fers?
1645 432 1789 509 quid
1833 432 2080 508 fostinas
2097 435 2125 491 ?

896 532 944 594 O
985 538 1170 612 poter,
1215 553 1249 593 0
1280 535 1494 611 panda,
1539 554 1574 595 o
1619 535 1845 594 Priami
1888 535 2113 595 domus.

515 706 870 776 Oreticorum
913 707 1460 783 bacchiacorumquc
1500 724 1784 766 versuum
1829 710 1891 765 et
1918 707 2107 783 prima
2152 712 2213 766 et
2243 708 2503 767 secunda
2531 726 2695 767 arses

333 809 505 884 pedis
550 810 836 886 cuiusque
879 809 1090 869 idonea
1133 814 1273 868 sunt
1327 810 1403 868 ad
1459 811 1866 869 homoeoarcta
1919 810 2290 887 recipienda3
2357 811 2462 869 sed
2505 811 2713 887 prima

333 911 484 971 arsis
526 913 809 971 maiorem
854 913 977 969 vim
1021 917 1281 988 praestat
1324 930 1502 996 quam
1546 912 1826 972 secunda.
1846 908 1888 987 l)

515 999 721 1073 cretica·
765 1020 908 1073 tettr.
955 1014 1126 1091 Epid.
1176 1018 1328 1091 320;
1377 997 1548 1074 Oui-0.
1599 1018 1751 1091 1193
1796 1014 1967 1074 Most.
2019 1018 2172 1076 733:

590 1122 977 1211 E'aepectando
1023 1135 1230 1193 c‘xcdor
1271 1138 1457 1194 miser
1498 1140 1676 1212 atque
1722 1137 2039 1194 exenteror.

592 1237 786 1297 Salve.
834 1270 918 1278 -—
961 1237 1134 1313 Egon
1177 1238 1344 1296 salva
1386 1238 1519 1312 sim,
1562 1240 1717 1315 quae
1760 1237 1865 1296 siti
1908 1241 2069 1297 sicca
2112 1241 2282 1297 sum?

594 1339 893 1413 Quidum?
937 1373 1017 1382 -
1064 1340 1157 1398 Ita
1199 1340 1298 1399 1110
1343 1341 1557 1418 oppido
1603 1340 1927 1400 occidimus
1971 1344 2178 1400 omnes
2225 1340 2401 1401 Simo,

506 1459 779 1536 Duplicis
838 1460 1232 1519 homoeoarcti
1275 1460 1560 1538 pleraque
1622 1461 1895 1538 exempla
1951 1461 2018 1519 in
2061 1460 2171 1523 ΠΙ.
2218 1464 2280 1520 et
2322 1461 2427 1520 IV.
2470 1461 2694 1538 pedum

334 1562 542 1638 primis
587 1564 817 1622 arsibus
863 1567 1087 1623 extant.
1155 1563 1324 1623 Gurc.
1375 1566 1528 1639 1063
1573 1562 1727 1622 Enn.
1771 1567 1842 1622 tr.
1892 1566 2007 1624 77:

547 1684 640 1741 Da
682 1684 949 1743 vicissim
993 1702 1128 1742 meo
1167 1684 1395 1758 =qfltturi
1432 1684 1735 1759 glandium.

550 1778 720 1845 'Arce
764 1792 823 1846 et
865 1788 1011 1846 urbe
1057 1788 1197 1846 orba
1246 1805 1394 1846 sum.
1440 1804 1556 1863 quo
1602 1786 1922 1846 a‘ccedam‘?
1965 1804 2081 1862 quo
2126 1786 2458 1863 dpplicem‘?

506 1907 581 1964 In
627 1905 854 1965 duobus
898 1908 1172 1966 versibus
1216 1906 1514 1981 contiguis
1557 1905 1709 1964 Rud.
1757 1909 1899 1965 213.
1950 1909 2061 1965 14:

534 2026 664 2085 Hac
707 2044 784 2084 an
828 2026 969 2085 illac
1013 2046 1162 2102 eam,
1206 2027 1429 2085 incerta
1475 2022 1649 2102 [sum]
1695 2024 1931 2085 consili:

533 2128 590 2186 N
593 2131 663 2187 ec
705 2147 887 2205 prope
930 2147 1182 2205 usquam
1225 2130 1327 2188 hic
1369 2128 1614 2206 quidem
1657 2129 1879 2187 cfiltum
1922 2147 2131 2204 agrum
2175 2129 2494 2205 conspicor.

505 2248 708 2307 Minus
753 2267 929 2325 saepe
974 2248 1052 2308 H.
1099 2249 1209 2307 III.
1257 2249 1556 2325 etiamque
1600 2248 1791 2307 rarius
1833 2248 1881 2306 Ι.
1926 2247 2001 2307 Π.
2064 2267 2229 2308 arses
2288 2230 2695 2308 homoeoarcto

334 2351 690 2411 obtinentur.

506 2453 815 2514 naccam·
859 2460 1000 2514 tem.
1045 2455 1225 2515 Mero.
1275 2437 1431 2530 3603
1476 2454 1635 2514 Men.
1685 2455 1824 2513 754.
1873 2455 1929 2527 5,
1978 2457 2129 2514 967:

592 2574 1005 2652 Nequicquam
1046 2573 1246 2633 abdidi
1290 2574 1652 2648 abscondidi,
1696 2572 2025 2633 abstrusam
2067 2574 2372 2633 habebam.

592 2676 852 2737 Gradum
889 2678 1186 2753 proferam
1218 2672 1604 2753 progrediffi]
1638 2677 2001 2753 properabo:

593 2779 710 2839 Sed
754 2780 817 2837 id
861 2799 1039 2856 quam
1081 2780 1231 2838 mihi
1278 2776 1441 2856 [non]
1489 2779 1568 2838 sit
1610 2779 1794 2856 fdcile
1839 2779 1999 2838 haud
2043 2797 2179 2839 sum
2220 2780 2430 2856 falsus.

591 2884 883 2956 Procurat,
927 2882 1110 2956 videt,
1153 2882 1417 2942 conlocat
1459 2879 1855 2962 cogitat[que].
2367 2909 2380 2917 -

518 3002 730 3061 Versus
774 3004 1083 3079 compositi
1125 3021 1194 3061 θα)
1236 3004 1459 3062 creticis
1503 3003 1790 3062 dimetris.
1826 2980 2152 3063 accitalcctis
2206 3024 2343 3064 cum
2388 3004 2694 3063 trochaicis

335 3106 607 3180 tripodiis
661 3107 950 3166 catalectis
1016 3106 1251 3183 saepius
1309 3106 1639 3166 secundum
1706 3107 1992 3166 creticum
2048 3108 2267 3184 pedem
2332 3113 2390 3167 et
2443 3107 2695 3184 primam

332 3208 661 3268 trochaicae
704 3210 991 3286 tripodiae
1037 3210 1218 3269 arsim
1247 3211 1654 3270 homoeoarcto
1683 3210 1964 3270 distincta
2008 3212 2278 3271 efferunt.
2344 3210 2515 3270 Most.
2550 3212 2689 3270 135.

335 3314 475 3371 337.
526 3314 676 3387 7043
721 3312 935 3371 Bacch.
984 3315 1139 3373 667:

702 3432 916 3491 Postea
959 3448 1161 3507 quom-
1180 3432 1500 3507 {mmigravi
1543 3433 1860 3507 ingenium
1902 3432 1969 3491 in
2011 3450 2225 3506 meum.

703 3528 824 3592 ’1111
868 3551 978 3610 ego
1022 3523 1105 3593 ex
1145 3533 1420 3593 omnibus
1466 3538 1706 3611 optume
1752 3535 1903 3593 volo.

701 3630 874 3696 'Eum
917 3637 1219 3696 hominem
1261 3637 1543 3697 sonicitat
1586 3641 1789 3713 so'por:
1834 3636 1918 3695 ibi
1962 3638 2251 3697 omnibus.

704 3739 809 3800 Set
851 3758 1028 3817 quem
1071 3758 1306 3817 quaero,
1350 3743 1592 3817 optume
1634 3757 1775 3799 ecce
1820 3739 2054 3799 obviam
2096 3740 2318 3799 mihist.

506 3992 554 4056 1)
590 3991 733 4044 Hinc
764 3992 945 4044 manat
980 4006 1161 4044 eorum
1196 4005 1449 4045 versuum
1484 3990 1766 4060 descriptio
1806 3991 1837 4029 L
1851 4007 1897 4038 υ
1914 4020 1956 4029 -
1994 3994 2049 4043 et
2081 4010 2126 4037 υ
2143 3991 2176 4029 L
2195 4008 2263 4055 -3
2311 3990 2577 4044 reicienda
2611 3992 2691 4043 est

328 4077 422 4131 1Πο
455 4077 559 4131 0110
594 4094 626 4131 0
661 4077 979 4147 quibusdam
1014 4078 1228 4144 probata
1266 4106 1305 4113 —
1324 4100 1367 4121 υ
1385 4077 1414 4115 -ί
1455 4078 1508 4130 et
1542 4096 1586 4122 υ
1602 4106 1647 4116 -
1664 4081 1722 4145 ἐς
1759 4075 2055 4148 Geppertus
2090 4092 2215 4129 vero
2241 4076 2467 4129 creticos
2501 4091 2689 4130 versus

326 4163 385 4215 in
421 4163 654 4217 secunda
687 4193 728 4202 -
745 4184 791 4211 υ
811 4164 842 4203 -’-
875 4163 1187 4217 bacchiacos
1232 4161 1291 4215 in
1325 4163 1495 4231 prima
1539 4163 1646 4218 arsi
1683 4185 1725 4210 υ
1744 4164 1774 4201 L
1796 4193 1834 4201 -
1873 4162 1987 4215 ictu
2031 4160 2236 4229 percuti
2272 4160 2402 4215 vult.
2452 4163 2516 4216 cf.
2553 4162 2689 4215 Trin.

332 4249 412 4305 ed.
452 4249 614 4318 Gepp.
653 4250 750 4303 act.
786 4249 858 4317 Π,
893 4265 967 4303 80.
1010 4256 1056 4315 1,
1095 4254 1120 4300 1
1159 4264 1273 4317 sqq.
