3125 4867
1209 349 1751 432 ,2-—73—

772 520 831 580 N
832 523 866 580 e
910 522 1089 596 colas,
1133 541 1211 583 ne
1253 524 1469 583 inbuas
1515 521 1624 601 [eis
1666 519 1858 599 tuum]
1903 519 2230 598 ingenium.
2251 520 2297 599 1)

772 625 999 700 Regias
1039 626 1243 702 copias
1284 628 1614 704 aureasque
1658 624 1864 692 obtuli.

775 727 1033 787 Conloco
1076 729 1257 790 fulcio
1299 729 1505 789 mollio
1551 725 1879 806 [blandior]

772 829 898 889 Vos
940 849 1073 890 amo
1116 836 1223 892 vos
1265 833 1399 893 volo
1444 836 1551 893 vos
1595 838 1731 910 peto
1773 836 1951 908 atque
1994 831 2252 891 ebsecro.

771 932 902 993 Nec
944 934 1074 993 cibo
1118 937 1233 995 nec
1274 936 1402 996 loco
1445 938 1603 995 tecta
1645 953 1780 1012 quo·
1805 936 1921 994 sim
1964 934 2103 996 scie.
2143 995 2146 998 ,
2251 984 2258 989 .

537 1052 763 1112 Versus
807 1055 1138 1115 hexametri
1166 1056 1576 1131 monosyllaba
1618 1055 1841 1115 habent
1881 1054 1948 1112 in
1976 1054 2207 1114 arsibus
2237 1055 2498 1113 caesuris
2542 1054 2721 1114 semi—

359 1156 664 1233 quinariae
708 1161 767 1216 et
809 1158 1332 1236 semiseptenariae
1378 1158 1651 1218 finitimis
1693 1157 1848 1217 Enn.
1892 1159 2036 1216 ann.
2078 1160 2237 1217 243:

801 1277 1065 1337 Consilio
1106 1278 1251 1337 indu
1295 1278 1418 1339 foro
1459 1278 1580 1338 lato
1625 1281 1947 1354 sanctoque
1992 1281 2280 1337 senatum.

531 1387 835 1504 Bqlsyllaba
854 1414 920 1473 in
939 1415 1256 1476 trochaicis
1279 1417 1549 1476 versibus
1571 1416 1646 1475 ab
1668 1415 1840 1475 initio
1866 1417 2196 1478 efferuntur
2218 1414 2360 1475 Stat.
2384 1433 2530 1475 com.
2561 1417 2716 1475 150:

500 1528 610 1594 'Ita
650 1535 935 1611 plorando
980 1536 1200 1595 ordndo
1243 1536 1521 1597 instando
1563 1540 1742 1615 atque
1787 1535 2151 1613 obiurgando
2195 1554 2290 1595 me
2335 1535 2579 1594 obtudit.

529 1655 604 1713 In
647 1656 977 1717 bacchiacis
1030 1657 1414 1717 tetta-ametris
1477 1657 1630 1717 haec
1688 1656 1787 1717 vel
1850 1657 1917 1716 in
1968 1657 2079 1716 ΠΙ.
2124 1656 2215 1716 IV
2216 1701 2229 1714 .
2285 1656 2440 1735 pede
2493 1660 2718 1729 extant,

356 1758 574 1835 Amph:
623 1760 775 1820 651:

808 1879 887 1939 Et
926 1879 1119 1958 patria
1162 1883 1224 1939 et
1265 1879 1542 1958 prognati
1583 1882 1859 1939 tutdntur
1902 1883 2235 1940 servantur.

356 1998 457 2086 vel
502 1998 568 2056 in
610 1998 665 2058 I.'
702 2000 813 2058 II.:
858 2000 1037 2060 Poen.
1081 2000 1130 2075 Ι,
1175 2004 1231 2060 2.
1281 2003 1376 2059 19.
1426 2002 1523 2060 10.
1568 1995 1746 2076 (11.):

840 2097 1163 2194 Orndntur,
1203 2119 1527 2196 lavantur}
1542 2122 1870 2196 tergentur,
1912 2119 2233 2197 poliuntur.

678 2299 685 2304 .
838 2222 1061 2281 Lavdri
1102 2227 1205 2281 aut
1247 2222 1453 2281 fricdri
1497 2227 1601 2282 aut
1641 2222 1881 2299 tergeri,
1925 2227 2028 2300 aut
2049 2223 2283 2296 ornari,

750 2391 759 2396 ,
843 2322 1053 2397 (Poliri
1098 2324 1368 2400 expoliri,
1411 2325 1585 2402 pingi
1627 2325 1809 2400 fingi:
1855 2330 1916 2384 et
1962 2321 2118 2397 una.)

406 2453 411 2458 ’
530 2458 829 2519 Versuum
871 2461 1345 2522 hexametrorum
1397 2461 1466 2519 in
1507 2459 1614 2519 IV.
1660 2460 1733 2533 V.
1777 2462 1882 2521 VI.
1942 2479 2053 2521 ars.
2077 2461 2301 2521 ·Lucil.
2347 2461 2554 2537 XXX,
2600 2465 2713 2522 39:

728 2578 853 2639 Nos
896 2598 1030 2640 esse
1073 2583 1385 2659 arquatos‘?
1428 2598 1766 2657 surgamus,
1810 2600 2039 2656 eamus,
2082 2600 2351 2658 agamus.

354 2700 424 2758 in
466 2698 539 2758 V.
586 2697 690 2759 VI.
736 2700 911 2760 Lucr.
955 2700 1068 2776 HI,
1112 2703 1271 2778 4613
1315 2699 1422 2776 IV,
1471 2704 1666 2761 1012:

613 2819 714 2880 Sic
754 2821 1020 2884 animum
1063 2840 1234 2881 curas
1276 2820 1430 2882 acris
1473 2789 1835 2899 luciwmque,
1879 2828 2235 2899 metumque.

611 2923 844 2999 Magna,
887 2925 1094 2984 itidem
1138 2942 1318 3001 saepe
1360 2925 1427 2984 in
1470 2926 1696 2998 somnis
1738 2925 2076 3000 faciuntque
2118 2932 2461 3001 gerantque.

362 3044 428 3101 in
471 3042 577 3102 IV.
625 3043 726 3101 VI.
772 3042 926 3102 Enn.
956 3062 1093 3102 ann.
1129 3047 1250 3108 107
1298 3040 1530 3118 (versus
1559 3055 1596 3102 a
1626 3044 1796 3103 Char.
1840 3063 1896 3120 p.
1930 3048 2072 3118 282,
2108 3048 2218 3120 125
2262 3043 2452 3102 Diom.
2483 3063 2539 3119 p.
2571 3046 2714 3116 447,

359 3150 469 3221 123
514 3146 662 3205 Don.
709 3164 764 3222 p.
812 3149 954 3220 398,
1001 3148 1112 3222 243
1157 3141 1361 3222 Pomp.
1405 3165 1460 3223 p.
1511 3149 1654 3220 304,
1701 3151 1757 3220 1,
1798 3141 2127 3222 laudatus):

761 3265 1098 3326 Maerentes
1140 3266 1355 3325 fientes
1397 3265 1773 3325 lacrimantes
1815 3265 2291 3325 conmiserantes.

532 3402 922 3487 fflsyllabwn
963 3403 1537 3464 homoeocatalecton
1581 3404 1831 3463 Plautus
1874 3403 1941 3462 in
1983 3401 2292 3462 Aulularia
2346 3401 2713 3462 continuavit

351 3510 462 3565 act.
506 3505 602 3564 ΠΙ
617 3550 631 3579 ,
676 3524 756 3565 sc.
805 3507 840 3565 5
854 3551 868 3580 ,
915 3508 994 3566 35
1027 3524 1152 3583 sqq.
1240 3506 1600 3584 Plerumque
1655 3512 1853 3566 autem
1896 3507 2074 3566 verba
2126 3490 2192 3565 in
2247 3506 2393 3565 -arii
2435 3505 2712 3565 desinen-

349 3608 434 3666 tia
476 3599 543 3667 in
585 3611 707 3669 fine
751 3609 1136 3669 iambicorum
1178 3610 1542 3670 senariorum
1588 3612 1902 3700 conlocata*
1932 3614 2074 3669 sunt
2130 3609 2484 3687 aliquotiens
2539 3611 2713 3668 tertia

352 3712 453 3770 vel
496 3712 688 3789 prima
730 3711 962 3772 arsibus
1005 3712 1361 3791 adsumptis:
1422 3713 1609 3773 semel
1651 3731 1791 3773 vero
1845 3731 2053 3773 omnes
2105 3729 2271 3773 arses
2314 3713 2710 3772 homoeooata-

349 3814 504 3874 lecto
547 3819 909 3893 occupantur
950 3833 1005 3874 V.
1053 3814 1210 3876 510:
2131 3817 2152 3833 ⁸

1018 3934 1385 4010 Flammdrii‚
1428 3934 1688 4010 violdrii,
1732 3935 2037 3996 carindrii.

684 4087 754 4096 ff...-

527 4165 577 4233 1)
617 4164 711 4219 Sia
767 4129 1106 4223 machalius
1156 4168 1223 4221 in
1267 4168 1458 4238 priore
1509 4168 1587 4222 ed.
1645 4167 1823 4231 mm·
1881 4168 2136 4221 smmis
2195 4166 2346 4219 curis
2400 4166 2712 4221 trvmtmn

351 4250 595 4304 restituit
627 4268 694 4305 ne
728 4250 871 4308 colas
907 4253 1049 4321 quod
1081 4274 1107 4310 e
1138 4255 1458 4323 ylossemate
1492 4257 1670 4309 essent
1703 4253 1902 4307 deletis.
