3125 4867
1371 331 1625 393 ...62
1715 359 1922 377 -..

663 479 833 565 I'inus
877 503 988 562 erit
1031 522 1211 581 quem
1254 510 1321 563 tu
1365 505 1540 564 tolles
1583 505 1650 564 in
1693 506 1922 564 caerula
1964 505 2106 563 caeli
2153 501 2163 583 Ι
2217 505 2478 583 Templa.

661 608 827 696 Quos¹
865 607 970 666 ubi
1010 625 1119 666 rex
1161 607 1411 684 populos
1457 608 1658 685 spexit
1700 608 1777 668 de
1820 608 2087 670 cautibus
2129 609 2321 669 celsis.

542 702 551 710 ’
662 705 831 771 'Inde
872 710 1152 787 patefecit
1194 709 1377 770 radiis
1418 715 1547 770 rota
1589 710 1840 769 candida
1881 711 2128 770 caelum.

657 813 912 873 Lumine
959 814 1047 872 sic
1087 814 1343 873 tremulo
1385 816 1541 873 terra
1586 817 1649 873 et
1690 832 1833 872 cava
1874 814 2111 873 caerula
2152 814 2425 876 candent.

657 916 774 977 Hic
816 935 1016 994 neque
1059 919 1189 975 tum
1228 916 1378 975 30113
1420 919 1548 975 rota
1591 915 1759 976 cerni
1803 916 2027 976 lumine
2071 916 2248 993 largo,

659 1014 1005 1079 'Intervalla
1046 1019 1175 1078 vias
1221 1035 1487 1078 conexus
1519 1017 1789 1094 pondere
1823 1019 2056 1095 plagas.

654 1122 1037 1199 Membraque
1083 1121 1354 1183 dividere
1400 1126 1462 1181 et
1503 1140 1750 1198 magnas
1795 1121 2109 1198 disponere
2143 1128 2369 1198 partes.

652 1225 785 1284 Hoc
827 1229 919 1284 est
960 1244 996 1284 a
1037 1224 1213 1284 terris
1256 1224 1446 1283 altum
1488 1241 1799 1285 secernere
1844 1226 2089 1285 caelum.

652 1327 799 1387 Tam
841 1326 1034 1402 magis
1079 1344 1429 1404 expressere
1473 1346 1544 1386 ea
1562 1345 1739 1404 quae
1783 1346 1944 1388 mare
1988 1328 2184 1388 sidera
2225 1330 2430 1389 solem.

649 1442 683 1481 ι
704 1463 744 1488 „2
760 1462 804 1487 υ
846 1428 1004 1507 quod
1048 1425 1345 1505 gracilast,
1374 1413 1611 1506 pernix,
1656 1430 1815 1507 quod
1846 1431 2104 1506 pectore,
2138 1450 2311 1507 puro,

650 1533 817 1593 Haec
856 1536 986 1592 tum
1029 1532 1320 1592 clarisona
1361 1536 1671 1609 pectentes
1714 1534 1935 1593 vellera
1975 1552 2132 1594 voce.
2483 1553 2524 1592 n·

643 1636 1006 1713 Putridaque
1048 1635 1305 1695 infirmis
1349 1636 1665 1696 variabunt
1696 1641 1945 1712 pectora
1976 1638 2215 1713 palmis.

643 1733 737 1798 'In
779 1738 1003 1799 foribus
1044 1738 1235 1798 letum
1277 1738 1613 1816 AndrogeO,
1655 1744 1787 1799 tum
1817 1740 2089 1816 pendere
2123 1758 2371 1816 poenas.

643 1835 985 1919 'Adspirant
1014 1860 1193 1902 aurae
1238 1840 1306 1901 in
1333 1847 1573 1903 noctem
1599 1861 1714 1902 nec
1741 1843 1991 1902 candida
2033 1862 2238 1903 cursus
2289 1839 2297 1923 1
2354 1844 2527 1904 Luna
2556 1852 2749 1922 negat.

640 1944 1118 2023 speluncamque
1162 1945 1315 2022 petit
1358 1927 1636 2021 (pedibus
1676 1946 1854 2005 timor
1896 1946 2129 2005 addidit
2170 1944 2337 2020 alas).

555 2082 631 2141 In
673 2082 780 2141 IV.
823 2082 899 2141 V.
944 2100 1055 2143 ars.
1099 2081 1253 2142 Enn.
1298 2067 1435 2140 ann.
1486 2083 1584 2141 50.
1632 2084 1787 2159 2353
1850 2082 2023 2142 Lucr.
2067 2083 2175 2159 IV,
2222 2086 2375 2160 7893
2430 2083 2504 2160 V,
2554 2088 2749 2162 11933

387 2185 510 2245 eat.
555 2184 774 2259 LXIV,
820 2189 918 2245 24.
965 2188 1066 2245 40.
1115 2189 1214 2245 92.
1262 2187 1415 2244 194:

692 2304 1062 2382 Quamquam
1103 2304 1292 2363 multa
1332 2321 1544 2363 manus
1588 2304 1664 2363 ad
1706 2304 1858 2364 caeli
1900 2306 2128 2363 caerula
2168 2306 2408 2383 templa.

689 2409 868 2468 Poste
892 2407 1238 2468 'recumbite
1280 2410 1598 2484 vestraque
1632 2389 1874 2483 pectora
1904 2407 2114 2483 pellite
2156 2409 2361 2467 tonsis.

690 2510 1007 2570 Cernimus
1050 2511 1121 2569 in
1162 2510 1387 2570 somnis
1431 2515 1494 2570 et
1535 2510 1745 2569 mollia
1787 2512 2047 2569 membra
2089 2529 2347 2570 movere.

688 2609 784 2673 'Et
826 2613 1018 2691 rapidi
1060 2613 1333 2672 fremitus
1376 2617 1436 2673 et
1478 2631 1785 2672 murmura
1826 2631 2046 2689 magna
2088 2614 2403 2673 minarum.

688 2716 813 2775 Vos
858 2734 972 2792 ego
1015 2733 1194 2791 saepe
1238 2734 1388 2789 mec,
1431 2732 1537 2775 vos
1582 2716 1840 2775 carmine
1884 2715 2243 2792 conpellabO.

685 2818 744 2876 N
745 2821 824 2878 611
867 2819 1139 2895 glabeam
1182 2836 1367 2895 prono
1410 2817 1691 2877 convellit
1730 2836 1967 2879 vomere
2010 2822 2232 2878 taurus.

687 2920 961 2996 Lumina,
1001 2939 1184 2998 quam
1226 2925 1435 2981 cuncto
1479 2921 1746 2997 concepit
1787 2938 2026 2998 corpore
2067 2922 2385 2981 flammam.

685 3023 873 3083 Frons
917 3024 1245 3100 expirantis
1286 3026 1618 3101 praeportat
1649 3025 1915 3099 pectoris
1957 3025 2095 3083 iras,

561 3193 775 3255 Versus
834 3196 1187 3272 pentametri
1239 3147 1722 3256 homoeoarctonq
1746 3195 2029 3255 nimirum
2082 3196 2148 3254 in
2205 3194 2311 3255 IV.
2355 3196 2427 3253 V.
2473 3216 2584 3255 ars.
2629 3198 2733 3256 ha-

380 3300 539 3358 bent.
630 3299 753 3358 Cat
797 3299 1017 3370 LXVI,
1066 3303 1162 3360 78.
1212 3302 1326 3374 803
1375 3298 1501 3358 Tib.
1544 3298 1595 3373 Ι,
1640 3302 1699 3372 4,
1749 3302 1860 3358 123

830 3395 1137 3496 U⁷nguenti
1181 3418 1377 3479 Surici
1419 3418 1590 3477 milia
1631 3418 1823 3477 multa
1863 3417 2004 3477 bibi.

827 3521 965 3582 Non
1006 3521 1172 3600 prius
1214 3521 1517 3581 unanimis
1560 3538 1798 3597 corpora
1837 3519 2200 3596 coniugibus.

828 3625 946 3686 Hic
985 3624 1283 3702 placidam
1325 3624 1504 3684 niveo
1536 3626 1777 3700 pectore
1808 3622 1984 3699 pellit
2025 3640 2255 3699 aquam.

544 3812 955 3875 Homoeoaroti
997 3830 1200 3887 usum,
1265 3811 1370 3889 qui
1411 3811 1479 3870 in
1523 3810 1848 3887 posteriore
1907 3815 2074 3889 parte
2128 3827 2413 3871 versuum
2455 3812 2739 3888 cernitur,

374 3935 612 3979 omnem
655 3922 1010 3979 consecutus
1054 3934 1203 3975 sum.
1291 3914 1367 3973 In
1408 3913 1605 3989 priore
1650 3913 2027 3974 hemistichio
2072 3914 2382 3974 sollemnis
2425 3932 2571 3974 usus
2615 3934 2738 3975 non

376 4027 541 4081 extat
582 4021 701 4081 nisi
744 4022 873 4081 hic:
918 4037 1057 4080 cum
1084 4035 1295 4078 versus
1326 4016 1544 4093 aliquis
1585 4016 1993 4077 homoeoarcto
2021 4017 2243 4091 finitur,
2285 4017 2738 4078 homoeoarcton

372 4124 527 4183 illud
571 4124 804 4199 saepius
848 4124 916 4182 in
943 4121 1116 4181 initio
1160 4119 1465 4197 sequentis
1494 4137 1704 4180 versus
1734 4119 2125 4179 continuatur.
2183 4118 2338 4178 Enn.
2368 4124 2438 4178 tr.
2485 4121 2587 4180 41.
2617 4124 2736 4199 423

376 4227 540 4304 Capt.
588 4229 729 4286 569.
779 4229 888 4305 703
934 4224 1067 4285 Ter.
1111 4223 1221 4283 Ph.
1268 4225 1412 4284 867.
1460 4225 1576 4299 68;
1620 4221 1836 4282 Pseud.
1888 4224 2028 4282 180.
2072 4225 2185 4299 815
2229 4221 2383 4281 Rud.
2430 4224 2572 4283 685.
2618 4228 2733 4294 86;

374 4328 591 4407 Amph.
638 4331 780 4388 203.
826 4333 900 4406 43
947 4326 1079 4388 Ter.
1123 4326 1339 4389 Heaut.
1391 4328 1529 4386 239.
1577 4328 1691 4404 4Ο;
1738 4324 1915 4401 Turp.
1960 4342 2106 4384 com.
2152 4327 2253 4384 48.
2298 4329 2415 4385 49:
