3125 4867
1430 249 1848 318 —757—

455 423 529 482 ad
573 424 846 484 ultimam
887 426 1069 485 arsim
1110 426 1430 502 pertinent,
1473 445 1712 504 perraro
1743 431 1965 486 extant.
2033 427 2113 487 Ut
2144 428 2312 489 Cure.
2348 433 2445 504 74,
2490 448 2606 506 quo
2635 446 2815 489 versu

455 528 723 604 argutiae
767 547 864 588 vv.
899 533 997 605 72,
1030 533 1067 589 3
1113 530 1540 590 conficiuntur:

544 650 640 708 72.
685 647 784 708 Me
828 649 1049 709 inferre
1095 649 1323 709 Veneri
1365 650 1506 709 vovi
1548 651 1989 710 ieientaculum.
2010 647 2053 724 1)

694 783 776 792 ——-
821 751 1016 825 Quid?
1059 756 1388 830 antepones
1432 753 1662 813 Veneri
1704 759 1765 812 te
1807 754 2145 813 ientaculo?

689 853 806 929 Me,
849 860 909 915 te
955 859 1132 933 atque
1175 857 1353 916 hosce
1397 856 1607 916 omnis,
1659 889 1732 897 —
1783 856 1936 916 Tum
1977 861 2045 915 tu
2102 856 2386 915 Venerem
2428 860 2663 916 vomere
2705 857 2811 916 vis.

449 974 506 1032 N
508 993 576 1033 ec
618 975 1027 1050 monosyllaba
1069 976 1137 1033 in
1164 975 1238 1034 V.
1284 973 1465 1052 (VH.)
1510 977 1633 1035 arsi
1676 978 1913 1053 saepius
1958 980 2181 1035 extant.
2250 976 2325 1034 In
2368 977 2599 1035 arsibus
2644 977 2814 1035 deni-

450 1096 566 1153 que
611 1078 722 1137 III.
766 1078 840 1136 V.
888 1075 981 1156 (V.
1027 1076 1188 1154 VH.)
1231 1080 1683 1139 homoeoarcton
1736 1080 2105 1153 conlocatur,
2161 1080 2214 1139 si
2255 1080 2421 1156 prius
2460 1080 2813 1139 vocabulum

448 1185 630 1239 totam
673 1181 972 1257 dipodiam
1013 1188 1242 1259 aequat,
1286 1182 1385 1241 vel
1428 1183 1481 1242 si
1522 1187 1842 1259 utrumque
1865 1182 2154 1242 creticum
2184 1187 2289 1243 est.
2357 1180 2640 1255 Quotiens
2668 1200 2811 1241 vero

448 1283 547 1341 vel
589 1284 941 1344 necessitate
996 1303 1378 1346 numerorum
1438 1287 1540 1345 vel
1583 1286 1769 1345 forma
1821 1287 2134 1345 verborum
2189 1290 2399 1362 poetae
2454 1286 2641 1345 coacti
2689 1304 2811 1345 non

448 1388 773 1463 utriusque
804 1389 1081 1447 vocabuli
1122 1389 1375 1466 primam
1404 1389 1697 1463 syllabam
1738 1389 1806 1447 in
1848 1389 2083 1448 arsibus
2128 1390 2437 1448 conlocare
2470 1393 2809 1465 potuerunt,

370 1485 381 1492 “
446 1490 682 1548 tertiam
737 1494 796 1549 et
840 1491 1109 1567 quintam
1155 1488 1444 1568 (quintam
1490 1497 1548 1551 et
1593 1488 1931 1568 septimam)
1990 1510 2156 1551 arses
2198 1492 2347 1551 adeo
2399 1492 2812 1567 praetulerunt

449 1594 664 1652 ceteris
683 1638 697 1667 ,
761 1598 829 1651 ut
895 1594 1288 1654 homoeoarcti
1352 1595 1419 1653 in
1484 1594 1742 1670 singulis
1800 1596 2030 1654 arsibus
2097 1599 2161 1654 et
2225 1573 2483 1670 singulis
2542 1595 2812 1654 thesibus

448 1697 723 1772 exempla
763 1696 1020 1772 plurima
1062 1697 1446 1757 inveniantur
1486 1697 1553 1756 in
1596 1698 1771 1757 tertia
1815 1695 2064 1775 (quinta)
2106 1698 2225 1757 arsi
2269 1701 2331 1757 et
2359 1697 2566 1773 quinta
2596 1694 2809 1775 (sexta)

447 1799 607 1858 thesi
673 1800 975 1861 vocabulis
1052 1800 1160 1859 has
1237 1801 1452 1860 formas
1515 1801 1983 1877 praestantibUS,
2059 1802 2243 1860 altero
2303 1823 2395 1858 z!
2412 1832 2455 1857 υ
2473 1841 2516 1853 .-
2535 1825 2582 1874 ς·-
2620 1802 2808 1860 altero

447 1890 587 1958 ‘C‘-
633 1911 647 1980 ξ
683 1934 727 1960 υ
744 1945 785 1954 -
801 1903 823 1959 ’.
889 1903 1074 1963 Paulo
1125 1904 1402 1981 pauciora
1457 1904 1733 1981 exempla
1775 1904 2158 1980 reperiuntur
2199 1904 2275 1966 in.
2308 1908 2514 1981 quarta
2558 1900 2806 1981 (quinta)

446 2006 604 2066 thesi
648 2012 707 2066 et
736 1999 955 2084 quinta*
988 2004 1282 2083 (septima)
1326 2006 1461 2081 arsi,
1506 2025 1645 2066 cum
1672 2007 2026 2066 vocabulum
2053 2007 2309 2067 alterum
2337 2007 2807 2084 amphibrachyn

443 2111 542 2169 vel
582 2111 893 2169 bacchium
936 2111 1038 2169 vel
1079 2111 1402 2170 molossum
1445 2111 1547 2170 vel
1590 2110 1992 2170 choriambum
2005 2154 2020 2185 ,
2081 2111 2337 2170 alterum
2380 2110 2668 2169 creticum
2709 2111 2809 2170 vel

444 2232 672 2290 paeona
715 2218 995 2291 quartum
1032 2219 1264 2290 aequat.
1327 2212 1596 2276 Tertium
1624 2213 1823 2272 locum
1854 2214 2121 2272 obtinent
2165 2231 2253 2286 ea,
2296 2230 2449 2289 quae
2493 2213 2560 2271 in
2603 2217 2808 2289 quarta

444 2314 654 2393 (sexta)
699 2316 818 2375 arsi
862 2319 924 2375 et
968 2321 1138 2375 sexta
1183 2312 1477 2392 (septima)
1520 2316 1683 2375 thesi
1726 2321 1948 2390 extant,
1992 2334 2130 2375 cum
2157 2316 2410 2375 alterum
2452 2317 2804 2375 vocabulum

444 2419 546 2477 vel
588 2419 912 2477 molossum
955 2418 1055 2478 vel
1096 2418 1362 2477 ionicum
1403 2437 1438 2477 a
1480 2418 1709 2477 minore
1767 2418 1867 2478 vel
1910 2437 1946 2476 a
1988 2418 2208 2477 maiore
2258 2418 2361 2478 vel
2402 2418 2805 2478 choriambum

446 2526 678 2599 aequat,
722 2521 975 2581 alterum
1016 2521 1357 2581 iambicum‘
1378 2524 1471 2582 est
1513 2522 1616 2581 vel
1656 2521 2083 2602 pyrrhichium.

616 2695 648 2765 ἓ
687 2695 781 2753 15.
826 2675 1271 2770 Praestringam
1294 2692 1605 2771 deinceps
1648 2700 1858 2753 ceteros
1899 2712 2104 2784 ver-§fiis
2147 2694 2440 2760 scaenicos
2461 2751 2465 2758 ,
2483 2697 2543 2753 et
2570 2712 2805 2753 verswm

441 2797 739 2855 heroicum
753 2841 771 2869 ,
828 2798 895 2856 in
938 2797 1154 2874 quibus
1207 2802 1419 2874 poetae
1473 2798 1715 2857 omnino
1771 2798 2026 2858 eandem
2078 2797 2369 2856 rationem
2428 2797 2619 2856 secuti
2664 2802 2804 2856 sunt

441 2904 617 2976 atque
661 2899 729 2960 in
770 2900 922 2973 11118,
977 2900 1055 2959 de
1096 2900 1314 2976 quibus
1357 2901 1553 2959 adhuc
1597 2901 1865 2977 quaestio
1907 2902 2050 2960 fuit:
2107 2901 2265 2978 quod
2316 2900 2590 2975 singulae
2630 2901 2800 2975 leges

441 3002 509 3059 in
541 3001 896 3077 quibusdam
919 3003 1163 3077 paulum
1183 3007 1505 3076 mutantur,
1527 3003 1661 3060 fluit
1690 3021 1769 3061 ex
1789 3003 2029 3062 illorum
2049 3021 2333 3063 versuum
2361 3002 2800 3078 compositione.

612 3172 688 3230 In
730 3171 1000 3230 iambicis
1044 3172 1391 3247 septenariis
1429 3189 1595 3232 arses
1623 3172 1966 3249 posterioris
1995 3172 2361 3233 hemistichii
2389 3173 2603 3232 ceteris
2631 3192 2799 3249 prae-

328 3323 335 3328 .
439 3279 612 3334 stant.
701 3272 854 3333 Rud.
903 3276 1054 3351 3543
1099 3274 1245 3334 Hec.
1294 3278 1450 3335 347:

526 3395 909 3469 Confractast,
952 3396 1037 3453 mi
1081 3394 1406 3469 Trachafio,
1450 3395 1563 3458 hac
1605 3399 1781 3455 nocte
1824 3396 1996 3456 navis
2039 3396 2227 3456 nobis.

522 3499 680 3558 Hem
723 3499 874 3558 istoc
917 3498 1166 3558 verbum
1221 3498 1456 3557 animus
1512 3498 1664 3557 mihi
1707 3499 1864 3558 redit
1907 3504 1969 3559 et
2011 3503 2147 3559 cura
2190 3517 2269 3560 ex
2313 3501 2482 3561 corde
2525 3502 2794 3561 excessit.

315 3626 322 3630 ’
438 3618 569 3678 Ter.
613 3618 767 3678 Eun.
811 3623 920 3677 act.
965 3619 1076 3677 III.
1123 3636 1204 3678 sc.
1251 3620 1305 3678 5.
1350 3618 1446 3678 his
1489 3620 1764 3679 versibus
1808 3620 1979 3679 finita
2021 3626 2142 3680 est:

733 3738 983 3798 Eamus:
1031 3743 1093 3798 et
1135 3737 1210 3802 de
1255 3739 1407 3799 istac
1450 3739 1647 3814 simul,
1693 3758 1809 3817 quo
1840 3742 2019 3816 pacto
2052 3759 2232 3816 porro
2268 3715 2496 3816 possim

733 3841 934 3916 Potui,
979 3842 1298 3901 consilium
1341 3843 1475 3902 volo
1520 3861 1733 3920 capere
1776 3844 1896 3901 una
1938 3847 2154 3903 tecum.
2200 3878 2284 3885 —
2327 3843 2471 3903 Fiat.

388 3959 395 3962 “
434 3960 777 4037 Duplicium
820 3962 1362 4023 homoeoarctorum
1403 3965 1689 4041 pleraque
1732 3964 1798 4022 in
1842 3961 2049 4041 quinta
2093 3968 2155 4022 et
2198 3969 2368 4024 sexta
2410 3982 2521 4024 ars.
2553 3968 2790 4042 extant3

444 4244 512 4297 31
610 4160 803 4297 1)](17ῧ111
846 4162 1170 4217 ientaculum
1209 4162 1342 4216 libri
1352 4180 1371 4226 ,·
1416 4162 1792 4218 ieientaculum
1841 4162 2085 4227 Ribbeck,
2134 4161 2280 4217 S.-B.
2318 4162 2367 4217 d.
2404 4163 2451 4218 k.
2502 4181 2545 4216 s.
2585 4162 2650 4217 A.
2697 4164 2791 4217 vol.

510 4282 525 4309 ‚
556 4261 613 4313 p.
763 4287 774 4297 .
2519 4271 2522 4276 ·
