3125 4867
1388 371 1770 433 ...9-

405 548 563 603 sunt.
628 533 743 604 'Ac
785 562 862 604 ne
894 548 1122 604 veteres
1166 544 1406 623 quidem
1435 545 1742 622 praeteriit
1780 547 2067 621 rhetoreS,
2109 566 2289 625 quam
2316 549 2515 608 fluxae
2560 555 2763 608 essent

402 648 675 707 notiones
732 665 937 708 earum
980 648 1196 725 quibus
1252 649 1572 708 utebantur
1628 667 1855 709 vocum.
1942 650 2209 712 Rutilius
2251 651 2459 729 Lupus
2517 651 2759 730 quidem

292 753 297 756 “
400 751 673 811 elocutus
732 756 824 815 est
877 752 1289 828 ‘parhomoeon
1343 756 1407 811 et
1460 753 1976 814 homoeoteleuton
2031 757 2093 813 et
2135 754 2591 832 homoeoptoton
2632 755 2759 815 fere

400 872 522 914 non
565 855 823 914 multum
866 854 1026 914 inter
1069 873 1139 915 se
1167 854 1426 931 distare',
1468 856 1631 916 unde
1657 857 1878 916 factum
1922 861 2030 931 est,
2073 860 2142 916 ut
2169 857 2407 952 illarum
2435 861 2761 935 figurarum

399 957 812 1018 definitionem
855 960 1245 1019 constitueret
1285 959 1534 1020 1111011110
1578 964 1926 1020 accuratam

578 1079 612 1149 ξ
660 1080 714 1136 3.
782 1077 1050 1138 Primum
1093 1077 1278 1155 igitur
1331 1079 1399 1139 de
1440 1080 1629 1139 verbis
1667 1080 2036 1200 yeneralibas
2090 1080 2297 1158 paucis
2350 1081 2501 1140 mihi
2543 1100 2762 1142 memo-

399 1180 653 1241 randum
697 1185 805 1241 est.

564 1284 768 1362 Atque
823 1286 981 1363 quod
1033 1285 1264 1346 similes
1316 1287 1542 1362 figurae
1602 1286 1843 1347 nomine
1888 1286 2142 1364 Gorgiae
2160 1283 2206 1362 l)
2263 1286 2675 1363 significantur
2726 1307 2762 1346 a

399 1387 581 1447 schol,
643 1386 825 1447 Thuc.
871 1387 933 1464 Ι,
976 1391 1045 1449 2:
1131 1384 1212 1463 ‘vd
1260 1383 1325 1447 δὲ’
1369 1391 1561 1467 σχῆμα
1607 1392 1713 1449 τοῦ
1758 1382 2300 1467 ὁμοιοκαταλήκτου
2357 1391 2458 1449 Γο
2477 1388 2633 1470 ργίε
2650 1410 2760 1449 ιον

398 1490 693 1561 καλεῖται’,
744 1494 900 1552 144:
945 1487 1063 1565 ιἐπὶ
1098 1488 1277 1552 πλέον
1321 1489 1592 1552 ἐνταῦθα
1628 1494 1743 1552 τῶν
1789 1487 1981 1553 ἄλλων
2014 1485 2053 1570 ἡ
2087 1491 2488 1572 Γογρίειος
2518 1486 2758 1569 ἐλήφθη

398 1591 763 1671 παρίσωσις’,
808 1594 1091 1672 idemque
1148 1594 1447 1676 ιΓοργίεια
1502 1589 1784 1674 σχήματα’
1842 1597 2196 1657 vocabulum
2245 1595 2552 1656 invenitur
2603 1596 2762 1673 apud

397 1696 570 1756 Dion.
614 1696 749 1757 Hal.
795 1698 902 1774 VI,
945 1717 1002 1776 p.
1051 1701 1193 1773 760,
1242 1701 1338 1758 10.
1382 1699 1451 1758 R.
1495 1693 1773 1777 ισχήμασί
1813 1721 1875 1759 τε
1919 1704 2247 1777 ποιητικοῖς
2292 1694 2539 1776 ἐσχάτην
2583 1721 2759 1777 προς-

398 1791 717 1876 βοὶλλουσιν
772 1793 994 1878 ἀηδίαν
1048 1799 1152 1861 καὶ
1195 1796 1444 1879 μάλιστα
1488 1807 1613 1873 τοῖς
1677 1801 2255 1882 Γοργιείοις’---·
2302 1805 2444 1878 966,
2505 1805 2615 1878 15,
2687 1804 2759 1862 cf.

399 1883 579 1963 etiam
627 1906 819 1981 1033,
869 1909 936 1983 7;
997 1905 1157 1983 apud
1198 1903 1379 1966 Phoe
1413 1925 1462 1966 0.
1510 1909 1654 1981 168,
1696 1917 1754 1984 p'.
1804 1910 1955 1982 116,
2005 1899 2243 1980 149,το
2293 1901 2358 1964 δὲ
2402 1904 2536 1964 λίαν
2581 1927 2756 1983 προς-

392 2001 569 2085 ,κορὲς
612 2009 716 2084 τῆς
759 2010 983 2086 τροπῆς
1026 2006 1129 2067 καὶ
1172 2011 1288 2067 τῶν
1331 2003 1743 2089 γοργιείων
1788 2003 2146 2086 σχημάτων’;
2212 2027 2329 2087 quo
2372 2009 2554 2069 etiam
2608 2008 2761 2067 illud

397 2110 702 2171 Ciceronis
746 2111 1131 2172 referendum
1174 2117 1268 2173 est
1311 2132 1390 2173 or.
1437 2112 1570 2187 LII,
1620 2114 1773 2174 175:
1843 2113 2026 2190 <paria
2083 2113 2324 2191 paribus
2380 2113 2658 2171 adiuncta
2701 2117 2761 2171 et

394 2211 670 2276 similiter
733 2214 980 2276 definita
1004 2216 1310 2294 ἰ1101011110
1375 2216 1685 2277 contrariis
1750 2216 1939 2276 relata
2002 2217 2292 2276 contraria
2324 2261 2334 2273 .
2370 2262 2381 2275 .
2416 2261 2429 2274 .
2504 2214 2761 2298 Gorgias

389 2317 635 2393 primu-s·
674 2318 917 2378 ‘invenit'
936 2340 956 2377 .·
1001 2337 1180 2379 nemo
1214 2319 1457 2397 quidem
1488 2318 1768 2396 Gorgiam
1810 2320 1955 2379 artis
1984 2320 2362 2378 inventorem
2406 2318 2592 2378 fuisse
2622 2336 2761 2377 con-

396 2420 583 2496 cedet,
626 2421 680 2481 si
723 2422 1108 2483 Aristotelem
1149 2422 1366 2482 viderit
1409 2440 1531 2481 non
1576 2423 1769 2481 solum
1813 2440 1936 2481 non
1965 2421 2269 2482 dubitasse
2301 2413 2757 2498 παρομοιώσεως

396 2516 526 2581 κατ’
564 2516 752 2602 ἀρχὴν
796 2527 911 2583 τῶν
955 2519 1162 2585 κώλων
1203 2522 1736 2603 (homoeocatarcti)
1780 2525 2125 2602 exemplum
2167 2543 2246 2584 ex
2273 2523 2404 2602 ipso
2433 2524 2692 2586 Homero
2708 2522 2755 2600 2)

394 2632 672 2703 repetere
718 2628 829 2687 Rh.
874 2627 987 2703 HI,
1035 2632 1089 2703 9,
1133 2648 1189 2705 p.
1241 2632 1380 2689 123.
1427 2629 1544 2706 Sp.,
1604 2629 1712 2689 sed
1774 2628 1978 2716 etia-m,
2007 2629 2114 2687 illo
2169 2629 2297 2688 loco
2357 2622 2535 2705 quem
2579 2645 2760 2705 supra

398 2726 476 2806 (p.
522 2726 585 2807 5)
639 2731 860 2808 protuli
915 2731 1027 2791 Rh.
1072 2731 1185 2807 HI,
1256 2737 1323 2807 1,
1376 2736 1630 2818 P·.,109²
1676 2735 1776 2807 24,
1844 2730 1987 2792 satis
2045 2733 2223 2809 plane
2279 2732 2581 2792 elocutum
2625 2747 2757 2791 esse

395 2832 618 2909 primos
660 2838 937 2896 oratores,
964 2840 1024 2894 et
1068 2817 1347 2911 Gorgiam
1390 2836 1559 2896 lexin
1604 2854 1773 2895 suam
1817 2836 1882 2896 in
1925 2840 2232 2913 poetarum
2259 2835 2502 2895 modum
2544 2834 2754 2894 forma-

360 2936 575 2996 ·visse.
664 2935 785 2997 Sed
829 2938 944 2997 etsi
975 2937 1225 3014 Gorgias
1270 2957 1392 2998 non
1421 2940 1618 3016 putari
1660 2943 1873 3016 potest,
1918 2939 2149 2998 similes
2177 2940 2398 3014 figuras
2437 2928 2759 3011 invenisse,

397 3043 599 3099 tamen
640 3040 716 3099 ad
759 3044 945 3099 artem
987 3041 1343 3101 rhetoricam
1396 3060 1519 3100 non
1576 3042 1748 3119 parvi
1802 3041 1917 3100 fuit
1957 3041 2272 3115 momenti,
2335 3055 2472 3101 cum
2513 3039 2761 3116 primus

388 3139 572 3218 paria
612 3162 681 3203 ae
722 3143 954 3202 similia
995 3143 1334 3203 adhibuisse
1375 3144 1643 3203 videatur
1684 3144 1762 3202 ad
1803 3127 2130 3202 orationem
2171 3142 2430 3203 solutam
2472 3160 2759 3202 emor‘nan-

397 3245 537 3305 dam
579 3253 752 3323 atque
793 3245 1202 3306 mouendam.
1267 3244 1437 3320 Quod
1478 3247 1640 3306 idem
1684 3247 1991 3307 confirmat
2036 3244 2251 3306 Suidas
2292 3246 2359 3328 in
2399 3245 2614 3305 lexico
2608 3263 2672 3305 S.
2702 3264 2757 3305 v.

404 3349 686 3429 Γοργίαςε
745 3371 1009 3426 ουτος
1052 3352 1375 3449 πρῶτος
1401 3353 1496 3432 τῷ
1538 3348 1917 3431 ρητορικῶ
1971 3345 2161 3407 εἴδει
2213 3352 2344 3427 τῆς
2399 3346 2757 3418 παιδείας

400 3446 728 3530 δύναμίν
773 3474 844 3513 τε
905 3446 1335 3532 φραστικὴν
1379 3451 1500 3514 καὶ
1559 3450 1831 3531 τέχνην
1886 3450 2139 3523 ἔδωκε,
2218 3455 2465 3571 τροπαῖς
2530 3472 2590 3510 τε
2656 3448 2760 3509 καὶ

397 3560 761 3635 μεταφοραῖς
803 3554 907 3616 καὶ
936 3550 1310 3637 ἄλληγοριαῖς
1338 3554 1441 3617 καὶ
1469 3550 1834 3636 ὖπαλλαγαῖς
1879 3553 1982 3615 καὶ
2009 3549 2399 3633 καταχρήσεσι
2436 3552 2538 3615 καὶ
2578 3547 2757 3632 ὑπερ-

398 3652 607 3737 βασεσι
651 3657 754 3718 καὶ
798 3652 1232 3720 ἆναδιπλώσεσι
1275 3657 1376 3719 καὶ
1407 3653 1817 3737 ἐπαναλήψεσι
1860 3681 1963 3718 και
1994 3652 2404 3736 ἀποστροφαῖς
2449 3655 2550 3716 καὶ
2590 3678 2759 3736 παρι·

399 3756 645 3821 σώσεσιν
691 3755 1008 3840 ἐχρήσατο’.
1093 3763 1386 3824 Diodorus
1431 3764 1546 3824 Sic.
1592 3762 1745 3839 XII,
1792 3763 1907 3838 53,
1965 3780 2103 3823 cum
2160 3761 2441 3838 Gorgiam
2493 3761 2760 3837 legatum

396 3884 432 3924 a
473 3865 789 3926 Leontinis
831 3866 1099 3928 Athenas
1142 3867 1382 3927 venisse
1429 3871 1628 3926 narrat
1670 3868 1983 3944 ιπ’ροῖιτιος
2027 3886 2167 3944 γαρ
2215 3857 2613 3944 ἐχρήσατο,
2659 3862 2760 3938 ait,

397 3970 502 4045 τῆς
546 3965 750 4039 λέξεως
796 3974 1212 4046 σχηματισμοῖς
1255 3966 1680 4048 περιττοτέρως
1724 3965 1827 4026 καὶ
1868 3971 1942 4052 τῇ
1990 3966 2324 4048 φιλοτεχνίᾳ
2371 3961 2759 4043 διαφέρουσιν

398 4063 730 4141 ἀντιθέτοις
759 4069 862 4130 καὶ
895 4065 1199 4143 ἰσοκώλοις
1228 4069 1330 4131 καὶ
1360 4072 1636 4150 παρίσοις
1681 4068 1783 4129 καὶ
1827 4063 2287 4149 ὃμοιοτελεύτοις
2331 4067 2434 4127 ’καί
2462 4083 2612 4126 τισιν
2643 4064 2757 4127 ἑτέ-

573 4176 641 4271 15
661 4175 827 4256 HT&
863 4202 907 4255 F
917 4218 1047 4267 088,
1086 4203 1167 4272 ⁴de
1204 4202 1357 4272 Gorg.
1396 4201 1618 4269 Leont.’,
1655 4219 1705 4271 p.
1742 4206 1811 4255 54
1846 4216 1960 4271 sqq.

579 4287 633 4356 2)
668 4286 732 4339 R.
767 4286 860 4341 Bu
871 4287 1135 4353 chholz‚
1174 4288 1267 4356 ‘De
1304 4286 1693 4342 allitterationis
1728 4286 1904 4340 indole
1940 4288 2098 4354 atque
2140 4287 2327 4340 natura
2369 4302 2602 4354 ususque
2636 4283 2763 4338 Ho-

399 4373 556 4426 meri
572 4374 633 4425 ci
661 4372 1016 4439 lineamenta’3
1051 4373 1182 4427 item
1205 4371 1488 4440 Maehlyus
1510 4373 1544 4426 1.
1570 4373 1605 4425 1.
1642 4372 1908 4427 veteribus
1931 4372 2102 4440 poetis
2126 4370 2340 4427 Graecis
2364 4387 2576 4440 operam
2600 4370 2760 4423 dedit.
