3125 4867
1321 402 1399 412 ...-
1495 362 1789 466 1,Οᾷ-

546 540 830 601 Trochaei
873 560 910 599 a
951 540 1279 600 Ritschelio
1324 538 1633 600 constituti
1673 539 2080 602 homoeoarcto
2124 542 2578 602 confirmanturt

371 645 429 705 N
431 649 529 704 am
571 646 676 722 qui
696 637 980 704 'amorem
1021 643 1449 721 praecipitavit,
1492 643 1667 721 peius
1710 643 1867 720 perit
1908 645 2078 722 quasi
2117 648 2270 708 saxo
2313 644 2503 704 saliat.

372 749 540 807 Haec
583 766 697 824 ego
741 747 929 824 doleo,
972 746 1120 808 haec
1162 747 1312 808 haec
1332 744 1375 824 1)
1418 766 1516 808 1110
1554 747 1919 823 excruciant,
1961 748 2112 807 haec
2154 748 2285 808 dies
2316 753 2523 809 noctes
2566 751 2736 808 canto

1910 855 1977 912 ut
2018 869 2241 914 caveas

549 970 682 1030 VV.
729 974 870 1032 290.
919 975 1016 1032 91.
1050 975 1163 1032 ι92.
1209 989 1370 1046 vero,
1412 989 1561 1049 quos
1603 971 1910 1034 trochaeos
1953 972 2134 1034 habet
2177 968 2576 1066 Ritschelius:

370 1093 690 1154 Lacrumas
748 1091 832 1154 mi
885 1093 1034 1153 haec
1088 1110 1267 1169 quom
1310 1091 1486 1153 video
1540 1091 1793 1157 eliciunt
1809 1136 1842 1171 ,„
1882 1093 2022 1170 quia
2080 1110 2192 1168 ego
2248 1091 2324 1151 ad
2377 1092 2489 1151 1100
2539 1111 2733 1169 genus

863 1278 866 1281 ἡ
978 1273 985 1278 q
1732 1267 1736 1276 ¹
1879 1193 1885 1204 ‘
1917 1195 2129 1256 duravi
2170 1196 2497 1256 hominum.

909 1298 1068 1372 QuIn
1109 1298 1277 1376 prius
1322 1315 1418 1357 me
1463 1297 1538 1385 ad
1582 1299 1774 1375 pluris
1816 1299 2165 1388 penetravi?

373 1403 528 1464 Nam
570 1404 635 1462 hi
678 1421 872 1464 mores
915 1404 1206 1462 maiorum
1247 1389 1509 1477 laudant,
1553 1402 1798 1462 eosdem
1839 1403 2083 1463 lutitant
2126 1406 2275 1481 quos
2319 1401 2687 1462 conlaudant.

373 1493 654 1602 quoniam
695 1525 966 1601 apertum
1009 1527 1101 1583 est
1142 1523 1324 1583 verba
1366 1541 1488 1582 non
1516 1522 1698 1583 licere
1739 1524 2064 1601 transponi,
2109 1541 2189 1584 ne
2217 1522 2732 1606 homoeoteleuton

366 1649 422 1685 κ.
469 1620 791 1704 ἣμιστίχιαε
837 1622 1050 1686 duravi
1081 1627 1387 1704 penetravi
1429 1626 1703 1687 deleatur
1733 1659 1817 1669 -
1858 1627 1925 1686 in
1968 1627 2140 1687 libris
2190 1626 2354 1688 enim
2400 1630 2494 1687 est
2538 1625 2729 1684 homi-

370 1749 523 1789 num
565 1730 778 1789 duravi
807 1763 884 1775 —-
917 1749 953 1789 a
998 1730 1217 1791 codicis
1246 1730 1621 1790 Ambrosiani
1664 1729 2064 1808 descriptione
2107 1731 2490 1808 proficiscens
2519 1748 2574 1788 v.
2607 1732 2732 1790 290

368 1838 596 1911 partem
638 1834 1021 1910 posteriorem
1064 1840 1129 1894 et
1170 1853 1224 1893 v.
1271 1838 1393 1907 291
1456 1834 1522 1893 111
1564 1852 1755 1895 unum
1804 1839 1982 1911 atque
2044 1833 2298 1912 triplicis
2339 1832 2733 1893 homoeoarcti

369 1954 549 1997 causa
589 1936 655 1996 in
698 1938 1139 2015 anapaesticum
1183 1937 1547 2014 octonarium
1568 1937 1790 2014 redegi.
1836 1937 1908 1998 cf.
1941 1938 2208 2016 Spengel
2249 1956 2306 2016 p.
2334 1942 2413 2002 17
2419 1940 2475 2012 9,
2520 1936 2732 1998 Stude-

372 2040 559 2100 mund
604 2041 678 2100 de
721 2044 874 2100 cant.
903 2041 994 2100 Pl.
1037 2060 1094 2119 p.
1130 2047 1165 2102 7
1187 2061 1203 2119 ;
1244 2041 1314 2101 in
1356 2060 1411 2101 v,
1446 2045 1569 2102 292
1617 2045 1816 2102 autem
1846 2041 2238 2119 Spengelium
2266 2046 2327 2102 et
2370 2039 2729 2102 Studemun-

367 2144 511 2238 dum
532 2162 653 2203 non
675 2162 902 2223 sequor,
921 2144 1028 2205 sed
1043 2145 1271 2205 retineo
1282 2147 1588 2205 trochaeos
1599 2145 2036 2216 Ritschelianos
2058 2145 2417 2205 labdacismo
2437 2144 2728 2206 munitos:

778 2246 1100 2308 Lacrumas
1142 2248 1228 2307 mi
1269 2249 1419 2309 haec
1461 2267 1641 2327 quom
1683 2249 1858 2310 video
1903 2249 2168 2323 eliciunt,

370 2350 523 2424 Quia
577 2349 652 2408 ad
708 2350 823 2409 11όο
878 2369 1073 2427 genus
1128 2349 1436 2410 hominum
1502 2351 1739 2412 duravi:
1817 2352 1964 2430 quin
2011 2354 2185 2428 prius
2243 2370 2340 2411 me
2404 2350 2479 2409 ad
2531 2349 2730 2426 pluris

1895 2455 2250 2529 penetravi?

367 2556 523 2617 Nam
565 2557 632 2615 111
673 2573 869 2618 mores
900 2557 1201 2618 'maiorum
1243 2557 1517 2633 laudant,
1574 2558 1818 2618 eosdem
1862 2557 2106 2648 lutitant¹
2154 2560 2303 2636 quos
2356 2557 2725 2618 conlaudant.

537 2678 799 2737 Rursum
851 2677 1013 2739 Trin.
1060 2681 1202 2741 285.
1256 2679 1360 2739 ubi
1413 2678 1838 2741 Fleckeisenus
1896 2683 1958 2739 et
2014 2678 2257 2739 Brixius
2311 2679 2535 2739 iambos
2589 2697 2726 2739 con-

367 2782 720 2843 stituerunt:

623 2879 904 2963 Turbant,
947 2886 1203 2948 miscent
1242 2889 1437 2950 mores
1480 2888 1641 2962 mali,
1683 2889 1884 2965 rapax,
1926 2906 2155 2962 avarus,
2196 2886 2457 2946 invidus

541 3005 857 3065 Ritschelii
897 3006 1158 3066 trochaei
1202 3006 1595 3083 elegantiores
1638 3008 2045 3067 homoeoarcto
2086 3009 2427 3066 firmantur:

630 3106 910 3182 Turbant,
951 3108 1209 3168 miscent
1249 3112 1448 3168 mores
1491 3108 1639 3167 mali
1680 3111 1888 3186 rapax,
1920 3127 2156 3184 avarus,
2195 3108 2455 3170 invidus,

542 3228 615 3286 V.
661 3230 804 3303 240,
848 3246 1028 3305 quem
1070 3227 1139 3287 in
1181 3228 1352 3287 libris
1394 3228 1461 3287 in
1503 3232 1624 3288 tres
1667 3229 1995 3289 versiculos
2038 3229 2305 3297 divulsos
2346 3229 2562 3289 habes:

367 3330 454 3409 (in
510 3332 577 3392 B.
595 3328 635 3408 ε)
722 3330 958 3414 Cuppes
1002 3349 1213 3404 avarus
1258 3332 1492 3409 eligans
1535 3331 1894 3410 despoliator

714 3429 956 3495 Latebri
998 3436 1261 3495 colarum
1302 3428 1552 3496 hominii
1640 3440 1962 3515 corruptor.

716 3539 981 3599 Blandus
1023 3532 1393 3617 inopscelatfi
1476 3540 1801 3617 indagator.

365 3653 574 3720 ‘caveas
617 3640 845 3737 oportet
887 3679 964 3720 ne
1005 3660 1226 3737 triplex
1267 3662 1842 3723 homoeocatalecton
1885 3683 1938 3723 κ.
1985 3663 2143 3720 κῶλα
2172 3661 2387 3720 diruas.
2444 3646 2722 3719 Bacchia-

323 3752 325 3755 ⁴
366 3780 465 3823 008
508 3763 751 3842 quidem
793 3764 1162 3825 Ritschelius
1205 3766 1539 3827 constituit:

1016 3913 1021 3916 ψ
1904 3888 1985 3897 --
2032 3885 2113 3892 --
2158 3853 2402 3928 cuppeS,

367 3950 754 4028 Despoliator,
796 3954 1273 4014 latebricolarum
1315 3955 1625 4016 hominum
1668 3958 2048 4035 corn‘nnptor,

368 4049 636 4114 Celatur'n
678 4056 1002 4134 indagator.

542 4203 594 4269 1)
630 4204 762 4258 haec
798 4208 921 4260 sunt
945 4223 1078 4277 quae
1113 4224 1198 4261 me
1222 4207 1530 4263 excruciant
1566 4207 1700 4262 libri
1704 4223 1723 4271 ;
1762 4191 1895 4263 haec
1915 4208 2048 4263 haec
2072 4206 2364 4275 duplicavi,
2398 4222 2512 4258 non
2528 4204 2719 4274 solam,

366 4293 429 4342 at
481 4288 833 4357 epanaphora
877 4312 925 4345 u.
975 4295 1010 4346 δ
1025 4314 1094 4347 ιπ
1108 4316 1136 4347 ο
1151 4294 1300 4358 δίας
1347 4294 1649 4361 efferretur,
1711 4294 1805 4346 sed
1853 4294 2023 4348 etiam
2043 4321 2047 4325 ·
2066 4294 2208 4361 quod
2238 4294 2371 4348 haec
2422 4294 2547 4346 sunt
2590 4309 2721 4359 quae

367 4372 784 4444 displicuerunt.
822 4376 889 4444 cf.
925 4376 987 4431 L.
1028 4378 1266 4449 Spengel,
1302 4378 1446 4433 Phil.
1482 4378 1544 4433 X
1550 4378 1666 4450 VH,
1693 4397 1751 4449 p.
1772 4379 1899 4432 565.
