3125 4867
1410 307 1832 427 11501..

438 530 713 599 trochaeo
757 545 860 618 aut
900 543 1081 599 totam
1127 538 1426 614 dipodiam
1468 541 1571 595 aut
1614 535 2084 613 amphibrachyn
2122 536 2435 594 bacchium
2478 535 2803 593 molossum
2874 577 2876 588 ⁴

443 643 848 703 choriambum
891 646 1310 718 exaequarent.
1390 640 1542 699 Oum
1601 645 1800 698 autem
1859 639 2216 728 ditrochaica
2258 638 2414 698 nihil
2456 638 2696 697 valeant
2737 638 2812 696 ad

440 745 870 819 antecedentia,
914 745 1021 803 illa
1063 743 1195 818 alia,
1240 762 1358 821 qua
1399 744 1460 801 vi
1490 743 1729 817 fuerint,
1774 743 1921 802 haec
1958 742 2236 819 exempla
2280 741 2591 801 docebunt.
2638 741 2807 800 Asin.
2847 745 2856 754 ⁶

453 829 610 926 3'62;
659 849 829 908 euro.
876 849 1028 924 5463
1075 847 1260 910 Naev..
1305 847 1659 905 oom.·113:

613 968 770 1026 Nam
813 986 911 1026 me
957 966 1136 1026 hodie
1181 970 1357 1024 senex
1401 966 1634 1025 seduaeit
1677 966 1883 1050 solum
1917 983 2147 1024 sorsum
2190 966 2268 1024 ab
2311 966 2574 1025 aedibus.

616 1071 776 1145 Quos
818 1076 888 1129 tu
931 1070 1083 1129 1111111
1127 1070 1320 1128 luscos
1365 1069 1615 1141 liberto&
1635 1131 1644 1138 ,
1664 1072 1813 1146 quos
1857 1068 2211 1128 Summanos
2256 1063 2533 1158 6611111138.

613 1167 827 1233 Libera
873 1173 1082 1249 linquet
1127 1172 1434 1248 loquemur
1475 1171 1636 1232 ludis
1681 1171 2047 1231 liberalibus.

442 1312 643 1388 Usque
687 1312 763 1370 ad
808 1291 1053 1371 tertium
1095 1310 1448 1369 vocabulum
1492 1310 1757 1386 pertinet
1800 1309 1954 1372 illud
1996 1309 2341 1368 Ennianum
2385 1307 2539 1369 257:

752 1430 872 1491 Sed
913 1431 1115 1488 virwn
1156 1433 1294 1488 vem
1335 1430 1551 1488 virtute
1594 1431 1814 1489 vivere-
1841 1429 2168 1488 animatum
2212 1429 2478 1489 addecet.
2539 1489 2542 1496 ,

445 1568 566 1628 Sed
608 1568 812 1627 nescio
855 1584 934 1626 an
976 1566 1356 1643 transpositio
1396 1565 1697 1625 Bothiana
1738 1566 1806 1624 in
1847 1566 1961 1625 hoc
2004 1567 2396 1642 praeferenda
2438 1567 2545 1625 sit:
2625 1637 2634 1650 ε

755 1687 875 1747 Sed
916 1687 1112 1745 vir-mn
1157 1687 1377 1746 virtute
1421 1705 1560 1746 vera
1602 1688 1803 1745 vivere
1846 1686 2173 1746 animatum
2217 1671 2480 1747 addecet.

442 1824 597 1883 Nam
641 1824 980 1901 parechesis
1022 1824 1219 1902 virum
1261 1824 1482 1883 virtute
1539 1841 1611 1882 eo
1655 1824 1873 1886 clarius
1918 1824 2130 1897 enitet,
2185 1842 2302 1900 quo
2344 1824 2587 1901 propius
2640 1842 2810 1883 voca—

442 1928 582 1987 bula
625 1928 785 1987 inter
828 1945 893 1987 se
938 1926 1180 1985 distant.
2030 1917 2038 1926 ’

546 2193 551 2198 1
624 2133 656 2203 ἓ
707 2134 802 2191 13.
871 2132 1086 2192 Poetas
1129 2119 1430 2191 scaenicos
1488 2132 1555 2189 in
1599 2131 2006 2192 homoeoarcto
2049 2132 2411 2193 conlocando
2452 2133 2808 2209 posteriores

444 2253 607 2294 arses
661 2236 1016 2311 praetulisse
1072 2234 1368 2311 prioribus
1425 2234 1805 2311 maximeque
1865 2236 2117 2311 primam
2174 2240 2235 2295 et
2288 2236 2611 2295 secundam
2674 2239 2808 2312 post

445 2356 746 2396 caesuram
788 2356 949 2397 arses
994 2337 1342 2398 distinxisse
1384 2342 1452 2395 ut
1494 2337 1899 2397 demonstrem
1954 2356 2076 2397 non
2132 2339 2326 2397 solum
2378 2338 2808 2415 multiplicibus

444 2441 872 2500 homoeoarctis
916 2447 1064 2514 utar,
1108 2458 1318 2500 verum
1363 2440 1543 2499 etiam
1586 2440 1993 2501 homoeoarcto
2037 2459 2176 2500 cum
2199 2442 2534 2518 ,parechesi
2564 2459 2810 2518 parono-
2832 2475 2856 2518 ,-
2937 2431 2942 2440 ’

444 2543 630 2602 masia
696 2561 1059 2620 paregmeno
1122 2544 1427 2620 polyptoto
1506 2543 1873 2621 consociat03
1952 2563 2150 2622 neque
2213 2544 2482 2622 omittam
2547 2544 2810 2620 duplicia
2847 2615 2852 2616 γ

398 2675 401 2680 2
449 2647 873 2705 homoeoarcta.
1050 2641 1054 2647 ’
2627 2669 2633 2678 ’

614 2750 702 2807 Αο
746 2748 1170 2824 multzplicium
1223 2749 1769 2814 homoeoarctorum
1800 2730 1962 2811 cum
2017 2748 2159 2807 bina
2212 2750 2395 2808 verba
2448 2766 2569 2807 non
2614 2749 2808 2808 solum

442 2853 515 2909 ab
571 2851 799 2909 eisdem
858 2850 1068 2927 primis
1127 2850 1227 2909 sad
1283 2847 1462 2909 etiam
1504 2850 1576 2909 ab
1620 2827 1837 2910 eisdem
1879 2851 2152 2910 soeumdis
2203 2851 2290 2909 vec
2350 2852 2537 2910 tertiis
2593 2852 2805 2911 litteris

441 2953 825 3030 incipiuntur,
869 2954 1017 3012 haec
1060 2955 1256 3028 verba,
1292 2954 1354 3012 ·si
1396 2953 1639 3031 quidem
1681 2969 1789 3031 per
1815 2954 2061 3013 formam
2104 2971 2311 3013 eorum
2339 2957 2402 3014 et
2429 2973 2539 3031 per
2566 2959 2805 3015 senten-

440 3056 534 3116 iae
576 3074 924 3133 compagem
965 3056 1134 3129 licet,
1194 3057 1261 3115 in
1303 3057 1535 3116 arsibus
1594 3060 1729 3133 post
1771 3074 2105 3131 caesuram,
2164 3058 2536 3118 sollemniter
2604 3062 2804 3117 autem

449 3160 515 3217 in
558 3158 806 3218 IH.'IV.
849 3157 944 3235 (V.
974 3157 1105 3234 VI.)
1132 3177 1244 3218 ars,
1276 3164 1499 3219 extant.
1566 3158 1918 3238 Men-*2523
1964 3160 2135 3221 Most.
2187 3153 2372 3241 31s23
2420 3162 2635 3237 Amph.
2670 3162 2793 3220 954

447 3262 579 3321 Ter.
624 3262 769 3322 Hec.
814 3264 960 3322 440.
1003 3280 1084 3321 ex
1126 3262 1242 3322 inc.
1284 3262 1401 3322 inc.
1445 3268 1516 3322 tr.
1567 3267 1675 3340 143
1719 3265 1934 3341 Amph.
1979 3267 2124 3338 448,
2158 3267 2306 3325 782:

749 3381 887 3441 Non
929 3382 1123 3458 potuit
1164 3382 1370 3458 paucis
1403 3382 1584 3458 plura
1614 3371 1801 3458 plane
1844 3382 2131 3460 proloqui.

747 3484 1022 3543 Antehac
1066 3487 1160 3543 est
1200 3484 1438 3544 habitus
1479 3487 1695 3561 parcus
1738 3503 1854 3544 nec
1895 3485 2089 3559 magis
2130 3484 2463 3560 061111116116,

748 3586 812 3645 Is
855 3589 1018 3645 nunc
1061 3587 1127 3645 in
1170 3585 1349 3645 aliam
1380 3590 1623 3663 pdrtem
1655 3587 1925 3663 palmam
1965 3586 2247 3663 possidet.

748 3687 971 3747 Mirsun
1015 3689 1161 3765 quid
1205 3691 1368 3749 solus
1411 3693 1609 3749 secum
1653 3692 1870 3750 secreto
1912 3689 2017 3749 ille
2060 3695 2211 3765 agat.

747 3791 1002 3866 Magnus
1046 3791 1414 3852 rubicundus
1458 3795 1689 3869 crispus
1732 3809 1963 3852 crassus
2007 3788 2255 3853 caesius.

748 3894 964 3970 Apollo
1005 3912 1262 3970 puerum
1291 3898 1534 3971 primus
1579 3894 1822 3955 Priamo
1865 3897 1970 3972 qui
2010 3896 2179 3955 foret.

748 3995 904 4054 Novi
948 4014 1131 4070 erum,
1170 3997 1317 4055 novi
1359 3996 1525 4057 aedis
1569 4002 1817 4073 nostras,
1862 4003 2011 4058 scine
2054 4000 2222 4076 sapio
2266 4004 2329 4059 et
2374 4000 2585 4058 sentio.

747 4098 871 4156 Aut
911 4099 1013 4174 pol
1054 4098 1205 4158 haec
1247 4100 1721 4177 praestrigiatrix
1764 4101 1954 4163 multo
1982 4102 2204 4161 ‘mulier
2231 4104 2584 4161 maxumast.

615 4230 679 4290 Si
732 4233 1061 4292 secundum
1125 4237 1479 4295 vocabulum
1532 4239 1820 4318 creticum
1879 4243 1999 4314 est,
2064 4240 2177 4297 hoc
2233 4239 2299 4297 in
2353 4241 2474 4298 fine
2545 4239 2805 4316 ponitur,

441 4332 642 4406 altero,
687 4334 740 4391 si
782 4336 1124 4394 trochaeum
1166 4344 1383 4416 aequat
1425 4340 1492 4399 in
1533 4340 1643 4400 IV.
1689 4339 1836 4419 (VI.)
1852 4387 1866 4416 ,
1924 4342 1978 4401 si
2035 4342 2380 4401 trochaeum
2438 4346 2681 4418 superat
2736 4344 2806 4401 111
