3125 4867
1354 340 1781 403 *53*

387 515 578 574 Mater
620 514 1004 590 optumarum
1045 514 1235 573 multo
1276 514 1498 573 melier
1537 514 1752 573 melior
1794 515 2118 574 mulierum

389 618 580 677 Missa
623 635 757 676 sum
801 617 1237 693 superstitiosis.
1271 615 1733 677 ariolatienibus.
1857 611 1862 616 ⁴

388 721 500 779 Pel
543 738 656 797 ego
705 724 773 778 ut
815 738 945 780 rem
964 756 971 762 ·
989 720 1182 794 video,
1226 725 1293 778 tu
1336 720 1660 795 inventu’s,
1703 721 1842 779 vera
1883 718 2230 779 vanitudine

390 822 505 896 Qui
549 806 881 883 convincas.

391 926 693 1003 Suspenso
737 925 925 1001 gradu
968 925 1198 1002 placide
1241 925 1329 984 ire
1372 924 1633 1002 perrexi,
1676 924 1922 999 accessi,
1968 924 2150 1000 astiti,

393 1022 693 1088 ‘Animam
737 1029 1080 1106 compressi,
1123 1031 1328 1088 aerem
1374 1027 1642 1087 admovi:
1686 1027 1772 1085 ita
1814 1026 2081 1085 animum
2103 1028 2294 1104 :coepi
2337 1026 2657 1087 attendere.

392 1129 618 1206 Quibus
662 1131 819 1190 vitae
865 1132 1025 1206 estis,
1070 1132 1286 1208 quibus
1330 1130 1602 1204 deliciae,
1650 1129 1815 1189 savia
1857 1129 2221 1189 mammillae
2265 1128 2553 1189 mellitae:

390 1234 809 1311 Manipulatim
852 1234 1289 1310 munerigeruli
1333 1234 1511 1293 facite
1556 1236 1700 1292 ante
1744 1232 1911 1291 aedis
1954 1233 2076 1290 iam
2119 1233 2203 1290 mi
2247 1233 2347 1292 hic
2390 1232 2604 1292 adsint.
2627 1230 2668 1310 l)

394 1337 514 1397 Sed
560 1337 838 1422 muliebri
880 1338 1079 1396 animo
1123 1340 1259 1396 sum
1300 1341 1529 1395 tamen:
1589 1329 1813 1413 [quom]
1858 1336 2111 1394 miserae
2167 1336 2335 1395 venit
2376 1336 2444 1393 in
2485 1338 2753 1394 mentem

304 1445 309 1452 ’
391 1440 542 1498 Mihi
584 1441 810 1513 mertiS‚
853 1445 1044 1499 metus
1087 1440 1348 1499 membra
1394 1439 1657 1515 §ccupat
1687 1471 1786 1514 ⁴-—

391 1542 694 1619 Principio
738 1547 806 1601 ut
848 1542 954 1601 illo
998 1541 1369 1616 advenimus,
1412 1541 1517 1601 ubi
1536 1542 1823 1630 *primum
1868 1546 2075 1599 terram
2120 1539 2438 1616 tetigimus,

394 1644 685 1705 Continuo
728 1645 1085 1721 Amphitruo
1129 1642 1356 1721 delegit
1397 1644 1561 1703 vires
1605 1643 1931 1721 primorum
1973 1643 2294 1720 principes.

386 1746 528 1806 ‘Non
572 1748 797 1823 aeg-itas
838 1747 984 1806 hinc
1025 1747 1272 1823 longule
1319 1763 1454 1832 esse
1471 1749 1500 1806 Ῥ
1543 1751 1606 1806 et
1649 1746 1807 1805 nesti
1849 1763 2048 1805 mores
2090 1745 2440 1804 mulierum:

395 1850 555 1909 Dum
596 1850 943 1923 moliuntur,
986 1850 1130 1908 dum
1170 1854 1479 1923 conantur,
1524 1851 1721 1908 annus
1765 1853 1875 1908 est.
1917 1883 2001 1892 —-

395 1951 607 2029 Neque
651 1954 866 2012 nautae
911 1971 1050 2012 cum
1093 1956 1298 2013 essent
1339 1951 1734 2012 circumventi
1775 1951 1991 2027 ventis,
2033 1951 2264 2012 incerto
2307 1903 2540 2011 itinere*

395 2056 558 2114 Porti
601 2055 964 2132 indigentes
1014 2088 1099 2097 ——

568 2245 600 2314 ξ
651 2246 748 2303 16.
813 2242 1139 2324 Reliquum
1182 2247 1292 2317 est,
1337 2248 1404 2302 ut
1435 2243 1758 2304 nonnullas
1803 2242 2235 2302 controversias
2263 2242 2568 2318 attingam,
2612 2259 2763 2319 quae

397 2344 474 2403 de
516 2345 911 2404 homoeoarcti
954 2346 1154 2422 forma
1197 2349 1356 2418 sunt,
1399 2345 1458 2403 h.
1489 2362 1542 2404 e.
1573 2345 1650 2410 de
1680 2345 1899 2405 litteris
1944 2349 2005 2404 et
2048 2345 2124 2406 de
2154 2345 2370 2418 verbiS,
2415 2345 2629 2422 quibus
2658 2345 2764 2403 illa

397 2448 589 2522 figura
632 2448 749 2505 fiat.
952 2441 956 2445 ’

569 2561 677 2626 Αο“
702 2567 777 2626 de
824 2565 1186 2648 syllabarum
1242 2566 1569 2643 quantitate
1627 2547 1771 2626 sun't
1814 2567 1919 2643 qui
1961 2571 2248 2641 statuant,
2311 2568 2763 2626 homoeoarcton

395 2689 432 2729 a
473 2670 607 2729 vice
650 2670 920 2729 brevium
963 2669 1329 2745 syllabarum
1374 2674 1432 2729 et
1474 2670 1791 2745 longarum
1835 2687 1958 2729 11011
1999 2669 2200 2730 minus
2244 2671 2555 2730 abhorrere
2587 2688 2763 2747 quam

397 2773 988 2833 homoeocatalecton.
1108 2772 1230 2833 Sed
1294 2773 1501 2832 multis
1569 2773 1866 2850 exemplis
1932 2775 2311 2841 confirmatur
2374 2777 2578 2850 poetas
2643 2792 2766 2834 non

399 2893 638 2935 curasse
655 2920 670 2949 ,
734 2881 802 2935 ut
858 2876 1124 2952 syllabae
1183 2874 1505 2952 productae
1572 2880 1804 2934 tantum
1862 2894 2000 2936 cum
2052 2876 2383 2953 productiS,
2448 2881 2764 2952 conreptae

276 3007 283 3014 ·
403 2983 635 3037 tantum
694 2997 832 3038 cum
875 2979 1175 3055 conreptis
1219 2978 1675 3037 homoeoarcton
1717 2978 1995 3038 facerent.
2082 2978 2219 3037 Nisi
2273 2979 2407 3055 quis
2458 2978 2622 3038 casui
2664 2978 2766 3037 dat

396 3082 548 3141 haec
590 3080 980 3157 multiplicia,
1024 3098 1177 3158 quae
1220 3079 1287 3138 in
1331 3081 1582 3153 affectu,
1630 3079 2013 3160 παρῳδικῶς,
2060 3084 2331 3156 κωμικῶς
2374 3081 2565 3156 posita
2607 3085 2762 3139 sunt.

354 3183 549 3242 -Enn.
595 3188 667 3242 tr.
717 3186 871 3260 193;
919 3184 1055 3242 Aac.
1098 3181 1170 3241 tr.
1220 3184 1380 3258 434;
1427 3173 1605 3257 Turp.
1651 3198 1797 3240 com.
1846 3185 1997 3253 1143
2043 3183 2257 3258 Amph.
2306 3183 2447 3242 325.
2494 3186 2605 3242 26:

612 3302 924 3362 Menelaus
966 3319 1065 3361 me
1109 3300 1418 3378 obiurgat?
1459 3300 1524 3360 id
1564 3302 1718 3361 meis
1762 3292 1825 3360 re
1833 3302 1944 3361 bus
1986 3290 2256 3377 regimen
2297 3302 2541 3361 re‘stitat.

610 3405 858 3463 Paratus
902 3422 1037 3463 sum
1078 3403 1275 3463 ubivis
1316 3393 1523 3481 petere
1555 3406 1642 3480 ΡΞ
1645 3408 1801 3464 stem
1840 3404 2097 3481 permiti.

613 3489 794 3566 Maris
838 3507 1070 3583 scepuli
1113 3497 1349 3566 sdnitus
1392 3495 1669 3582 selitudo,
1712 3507 2047 3567 sanctitudo
2090 3508 2407 3584 Apellim‘s,

617 3610 754 3669 Vox
797 3609 881 3668 mi
924 3610 999 3668 ad
1043 3610 1204 3668 auris
1249 3609 1562 3668 advolavit.
1611 3640 1693 3651 —-
1737 3608 1831 3669 Ne
1877 3628 1989 3686 ego
2031 3611 2208 3669 homo
2251 3610 2467 3669 infelix
2514 3611 2618 3686 fui,

618 3711 734 3786 Qui
777 3730 899 3771 11011
939 3712 1064 3772 alas
1107 3712 1435 3772 intervelli:
1478 3702 1778 3772 velucrem
1819 3724 2030 3773 vocem
2074 3713 2307 3788 gestito

574 3849 787 3927 Neque
829 3846 868 3907 ἃ
899 3848 938 3907 ᾶ
1023 3849 1430 3909 homoeoarcta
1493 3854 1703 3926 poetae
1766 3853 2149 3927 respuerunt;
2218 3850 2384 3909 Asin.
2455 3853 2534 3910 34
2544 3855 2597 3924 7,
2664 3852 2768 3928 qui

405 3970 614 4011 versus
657 3971 763 4029 pro
809 3953 992 4012 totius
1037 3970 1288 4012 scaenae
1335 3958 1682 4029 argumento
1728 3957 1836 4027 est,
1881 3953 2117 4011 Phorm.
2168 3955 2321 4012 706:

582 4187 639 4250 1)
676 4183 741 4236 in
776 4184 942 4238 libris
976 4185 1104 4239 estis
1132 4189 1257 4254 post
1292 4184 1513 4240 deliciae
1538 4189 1766 4254 constat,
1804 4185 1998 4255 quibus
2032 4189 2158 4240 ante
2182 4186 2332 4242 savia
2364 4188 2653 4256 repetitum
2676 4194 2768 4245 est.

411 4268 547 4321 mihi
582 4271 660 4321 est
687 4274 814 4336 post
849 4270 1240 4339 manipulatim,
1295 4288 1482 4324 versus
1527 4271 1861 4326 Bitschelius
1903 4273 2176 4336 restitui&
2230 4280 2554 4342 anapaestos
2583 4277 2774 4345 posuit

412 4354 651 4408 stadem.
689 4354 752 4406 de
788 4360 928 4408 cant.
967 4355 1146 4410 Plaut.
1180 4373 1239 4425 p.
1278 4357 1368 4409 56.
