3125 4867
1300 317 1723 382 ...431-

339 498 434 555 16.
505 494 734 568 Quibus
781 496 872 555 sei
914 496 980 555 in
1022 496 1203 571 longa
1245 494 1510 554 licui-set
1551 495 1675 554 tibe
1720 496 1877 555 frtier
1918 497 2053 553 vita.
2399 491 2690 570 (Bitschl.)

506 597 755 678 Quibus·
777 599 867 659 sei
908 601 975 657 in
1017 600 1200 675 longa
1241 598 1483 659 licuiset
1526 631 1610 638 ——
1652 598 1775 656 111οο
1819 598 1977 656 utier
2019 600 2154 657 vita.
2384 593 2690 672 (Bartsch.)

338 705 433 761 17.
501 700 702 760 Prima
744 702 969 762 incedit
1013 701 1246 763 Cereris
1292 734 1374 742 -
1417 700 1777 777 Proserpina
1817 719 1980 777 puer.
2133 779 2140 788 q
2395 696 2690 777 (Vahlen.)

1266 836 1348 844 ——
1391 806 1584 881 prima
1625 803 1862 889 incedit*

504 906 734 967 Cereris
758 907 1134 984 Proserpina
1175 925 1325 983 puer
1371 938 1451 947 --
2376 901 2690 980 (Bartsch.)

270 1003 279 1008 ’
336 1014 371 1069 2
384 1014 433 1069 1.
500 1010 563 1069 Ι8
607 1011 707 1069 hic
751 1010 918 1085 situS,
961 1009 1100 1087 quei
1143 1012 1450 1086 nunquam
1484 1043 1561 1051 -
1595 1011 1789 1069 victus
1833 1011 1927 1068 081
1968 1008 2229 1067 virtutei.
2397 1004 2691 1084 (Bitschl.)

503 1113 566 1172 Is
610 1114 710 1173 hic
752 1113 919 1188 situs,
963 1112 1105 1191 quei
1148 1115 1455 1189 nunquam
1499 1128 1582 1153 —·-
1626 1114 1847 1171 victust
1888 1110 2151 1171 virtutei.
2498 1107 2690 1187 (Bhd.)

338 1220 435 1275 22.
502 1216 712 1293 Itaque
755 1221 1066 1293 postquam
1110 1218 1205 1275 est
1247 1213 1464 1274 Orcino
1510 1249 1593 1258 -—
1636 1215 1891 1274 traditus
1934 1216 2272 1274 thensauro
2398 1211 2692 1289 (Bitschl.)

320 1393 325 1398 .
504 1319 714 1397 Itaque
757 1323 1069 1397 postquam
1113 1320 1207 1379 081
1249 1317 1465 1388 Orcino
1513 1350 1586 1359 -—
1639 1317 1892 1378 traditus
1935 1319 2275 1379 thensauro,
2490 1313 2689 1391 (Bhd.)

337 1426 436 1483 23.
504 1421 672 1495 Quod
713 1424 780 1482 re
825 1425 936 1482 8113
976 1421 1270 1482 difeidens
1314 1454 1398 1461 —
1442 1416 1947 1499 asper[e]asseicta.
2401 1414 2693 1496 (Bitschl.)

470 1595 471 1598 Ἴ
508 1523 676 1599 Quod
717 1526 786 1585 re
830 1527 939 1584 sua
981 1524 1274 1585 difeidens
1319 1556 1402 1565 --
1448 1521 1701 1602 asper[e]
1749 1525 1996 1584 31101013.
2494 1517 2694 1598 (Bhd.)

509 1661 850 1723 Ceterorum
908 1679 1049 1722 vero
1095 1662 1504 1738 exemplorum
1558 1661 1661 1721 hic
1712 1666 1803 1722 est
1845 1664 2221 1737 conspectus.
2310 1637 2695 1735 Quadruplex

334 1765 784 1824 homoeoarcton
826 1782 1015 1823 unum
1059 1767 1224 1824 extat
1282 1765 1349 1828 111
1408 1764 1567 1824 binis
1609 1764 1841 1824 arsibus
1898 1768 1958 1824 et
1999 1763 2158 1824 binis
2200 1761 2487 1822 thesibus
2573 1760 2693 1821 Sed

333 1868 464 1927 fieri
506 1886 629 1927 non
669 1867 862 1945 potuit
903 1867 1051 1944 quin
1095 1885 1189 1927 ex.
1240 1871 1291 1927 1.
1351 1868 1578 1944 loquier
1620 1851 1811 1927 latina
1860 1866 1927 1926 in
1968 1866 2241 1926 thesibus
2300 1864 2694 1937 delitesceret,

331 1970 613 2047 quoniam
656 1970 844 2032 latina
898 1970 1199 2031 bacohiaci
1256 1970 1530 2031 vocabuli
1584 1969 1775 2047 prima
1828 1970 2059 2045 syllaba
2109 1969 2176 2028 111
2228 1968 2348 2027 arsi
2400 1967 2693 2027 conlocari

331 2073 566 2150 nequit:
625 2092 742 2152 quo
785 2074 965 2134 etiam
1009 2074 1232 2150 loquier
1273 2092 1353 2134 ne
1396 2074 1464 2133 in
1506 2074 1626 2133 arsi
1670 2077 1835 2133 extet
1893 2072 2255 2149 prohibetur.
2344 2069 2693 2147 Triplicium

331 2193 520 2234 unum
583 2171 692 2256 (2.)
755 2181 879 2237 tres
943 2194 1105 2238 arses
1168 2182 1416 2254 occupat
1431 2222 1446 2252 ,
1531 2178 1598 2235 in
1663 2176 1879 2253 quibus
1927 2178 2212 2253 quartam
2277 2177 2338 2233 et
2410 2173 2691 2250 quintam.

332 2278 604 2356 Exempl.
663 2283 721 2339 4.
782 2280 1037 2339 lubentes
1097 2280 1255 2356 quod.
1308 2279 1558 2338 iambice
1615 2279 1927 2338 inchoatur
1982 2278 2051 2338 in
2113 2277 2276 2337 thesi
2340 2276 2691 2335 delitescere

334 2398 584 2440 necesse
629 2385 753 2457 est3
815 2383 870 2442 5.
915 2383 1160 2442 domama
1203 2382 1573 2457 decoremque
1615 2386 1676 2441 et
1720 2386 1775 2442 7.
1830 2382 1979 2457 foret
2020 2381 2118 2456 fas
2169 2397 2415 2439 caesura
2468 2382 2529 2437 et
2570 2379 2692 2436 fine

336 2501 547 2543 versus
589 2502 798 2561 pressa
840 2502 973 2546 esse
1014 2470 1310 2546 fidentia.
1338 2471 1349 2478 η’
1385 2484 1665 2561 Duplicia
1691 2485 2102 2543 homoeoarcta
2130 2482 2328 2542 omnia
2368 2481 2437 2542 in
2462 2480 2693 2540 arsibus

334 2590 544 2647 extant
586 2605 706 2646 uno
749 2591 926 2664 atque
969 2587 1197 2648 leviore
1243 2584 1387 2664 (20.)
1431 2592 1700 2665 excepto.
1774 2588 1972 2664 Atque
2017 2585 2084 2646 in
2126 2583 2233 2645 IV.
2260 2584 2335 2642 V.
2364 2602 2476 2644 ars.
2521 2584 2693 2661 quin-

334 2708 450 2766 que
516 2689 932 2764 inveniuntur,
994 2691 1063 2750 in
1106 2689 1209 2749 IV.
1256 2689 1360 2749 VI.
1427 2709 1652 2750 unum:
1719 2707 1859 2767 ergo
1921 2689 1990 2748 in
2053 2688 2285 2747 arsibus
2349 2686 2692 2763 posterioris

333 2792 695 2853 hemistichii
748 2793 988 2853 omnino
1043 2809 1154 2853 sex
1211 2794 1486 2871 exempla
1510 2798 1752 2870 patent.
1826 2793 1902 2851 In
1944 2791 2055 2851 IH.
2084 2790 2191 2849 IV.
2235 2808 2348 2850 ars.
2393 2790 2693 2852 conlocata

335 2900 476 2954 sunt
532 2895 648 2956 duo
667 2939 682 2969 ,
734 2895 801 2953 in
855 2895 965 2955 IH.
1009 2896 1083 2955 V.
1141 2914 1358 2956 unum:
1426 2915 1567 2973 ergo
1621 2897 1934 2973 utriusque
2001 2893 2367 2954 hemistichii
2424 2892 2693 2968 singulas

335 3014 496 3057 arses
538 2998 654 3056 tria
680 2997 1087 3058 homoeoarcta
1129 2999 1413 3059 obtinent.
1487 2999 1711 3058 Prioris
1753 2997 2117 3057 hemistichii
2158 2997 2224 3055 in
2262 2995 2421 3055 binis
2463 2994 2693 3062 arsibus

291 3157 295 3164 ,
337 3099 453 3158 duo
497 3098 773 3178 exempla
817 3102 1040 3173 extant,
1083 3100 1335 3159 alterum
1365 3119 1488 3160 non
1516 3101 1661 3160 83118
1690 3103 1966 3175 apertum
1998 3102 2095 3158 18.
2126 3097 2194 3155 111
2221 3097 2269 3156 Ι.
2297 3097 2397 3171 II.,
2440 3096 2693 3156 alterum

337 3220 474 3261 cum
531 3201 725 3278 pariso
782 3200 1167 3260 coniunctum
1224 3202 1290 3260 in
1344 3202 1392 3261 I.
1436 3202 1548 3261 IH.
1609 3201 1856 3261 arsibuS.
1941 3200 2253 3259 Praeterea
2285 3200 2463 3272 ¹inter
2515 3199 2694 3260 verba

296 3339 302 3346 ·
337 3304 546 3364 eadem
571 3304 1006 3382 praepositione
1037 3288 1359 3381 composita
1387 3304 1579 3365 semel
1609 3305 1679 3363 fit
1705 3305 2183 3379 homoeoarcton3
2228 3305 2405 3379 atque
2449 3301 2692 3360 alterius

336 3408 610 3469 vocabuli
650 3407 1027 3485 praepositi0‚
1070 3390 1314 3468 alterius
1357 3413 1560 3468 autem
1603 3408 1769 3468 verbi
1798 3405 2089 3483 simplicis
2132 3406 2323 3483 prima
2352 3403 2583 3482 syllaba
2624 3403 2690 3462 in

335 3513 566 3573 arsibus
609 3512 910 3571 conlocata
953 3516 1108 3570 sunt.
1148 3565 1156 3574 .
2473 3506 2486 3517 '

507 3650 636 3709 Iam
678 3667 820 3709 vero
865 3666 941 3708 ex
982 3649 1096 3708 hoc
1137 3653 1461 3726 conspectu
1502 3649 1618 3709 hae
1660 3652 1784 3708 tres
1826 3648 1994 3725 leges
2037 3646 2448 3722 conliguntur:

427 3756 478 3811 1.
547 3752 755 3812 Poetae
798 3758 1091 3828 quantum
1131 3756 1457 3827 potuerunt
1499 3752 1901 3838 homoeoafreta
1953 3751 2025 3810 in
2066 3749 2302 3808 arsibus
2346 3748 2691 3807 locaverwnt.

507 3872 836 3936 Additam:
882 3871 959 3930 In
991 3871 1190 3931 verbis
1227 3871 1585 3949 compositis,
1629 3871 1904 3949 quotiens
1932 3871 2384 3952 homoeoarcton
2412 3868 2591 3928 fiebat
2633 3872 2696 3926 et

645 3974 1079 4054 praepositione
1114 3979 1176 4034 et
1204 3975 1372 4034 verbi
1401 3974 1691 4056 simplicis
1718 3973 1929 4051 primis
1949 3973 2185 4047 litteris,
2210 3975 2420 4048 poetae
2455 3988 2695 4047 operam

647 4076 956 4153 dederunt,
1001 4082 1068 4136 ut
1098 4077 1462 4154 praepositio
1507 4083 1560 4136 et
1588 4077 1745 4136 verbi
1771 4076 2063 4152 simplicis
2080 4076 2318 4151 primae
2356 4075 2575 4133 litterae
2601 4073 2697 4131 in-

650 4179 833 4237 vicem
874 4180 945 4239 in
987 4180 1224 4238 arsibus
1267 4184 1555 4240 extarent.

438 4301 493 4357 2.
562 4297 915 4356 Posterioris
957 4296 1315 4358 hemistichii
1356 4318 1518 4358 arses
1550 4304 1756 4375 poetae
1786 4296 2197 4374 praetulerunt
2226 4295 2551 4372 prioribus
