3125 4867
1419 282 1843 344 ..56-

446 461 534 518 Ac
590 459 752 518 Trin.
801 461 990 534 1035,
1039 463 1116 519 36
1207 457 1541 518 Charmidis
1595 475 1883 536 responsa
1939 458 2006 515 in
2065 457 2333 520 clausula
2385 458 2579 534 posita
2641 461 2816 517 sunt:

445 562 672 623 Morem
714 563 1049 639 inprobum,
1096 562 1370 639 Nequa‘m
1413 562 1673 639 quidem.
1763 561 2084 620 Praeterea
2126 565 2355 638 specta,
2399 580 2581 638 quem
2625 561 2817 621 chias-

442 684 607 724 mum
646 666 895 726 Plautus
939 669 1296 726 consecutus
1340 665 1419 725 'sit
1459 665 1632 725 Most.
1670 667 1832 725 603:
1880 663 2042 724 Cedo
2076 664 2306 739 faenus,
2348 664 2531 724 redde
2575 666 2814 741 saeuae,

450 770 661 828 faenus
703 768 937 828 reddite.
961 765 1006 843 1)
1908 788 1963 865 4

621 923 716 982 Ex
757 915 969 982 harum
1011 922 1195 998 igitur
1222 923 1446 981 arsium
1475 923 1763 998 gravitate
1808 923 1954 981 licet
1996 922 2410 996 homoeoarcti,
2454 922 2508 981 si
2549 940 2670 981 non
2713 924 2817 981 tri-

445 1028 639 1103 1111010,
682 1030 744 1085 at
786 1023 1045 1103 duplicis
1073 1044 1250 1085 usum
1277 1030 1569 1102 repetere.
1631 1026 1781 1085 Cum
1810 1027 1970 1085 enim
2000 1030 2209 1103 poetae
2236 1026 2554 1102 praecipue
2578 1044 2818 1103 operam

445 1131 671 1204 darent,
715 1134 783 1187 ut
824 1130 1062 1189 tertiam
1106 1127 1459 1206 (quintam),
1516 1129 1766 1203 deinde,
1810 1133 1879 1188 ut
1920 1129 2190 1206 quintam
2235 1125 2592 1205 (septimam)
2634 1129 2816 1188 arsim
2829 1143 2842 1151 ·

444 1235 851 1293 homoeoarcto
883 1233 1340 1310 distinguerent,
1372 1250 1627 1312 cumque
1653 1232 1978 1307 studerent,
2021 1236 2089 1290 ut
2118 1232 2553 1306 vocabulorum,
2599 1232 2816 1308 quibus

444 1338 894 1396 homoeoarcton
938 1337 1124 1409 fieret,
1169 1336 1424 1396 alterum
1453 1337 1526 1394 ab
1556 1336 1760 1410 alter0,
1806 1339 2094 1412 quantum
2121 1335 2253 1394 fieri
2280 1338 2499 1411 posset,
2543 1335 2814 1411 proxime

445 1441 705 1514 abesset,
763 1440 986 1499 factum
1030 1444 1151 1514 est,
1211 1442 1279 1497 ut
1335 1439 1597 1498 maxime
1654 1439 1830 1497 tertia
1873 1442 1936 1497 et
1980 1442 2186 1515 quarta
2231 1434 2461 1515 (quinta
2501 1442 2565 1496 et
2608 1434 2818 1514 sexta),

447 1543 625 1619 paulo
668 1544 860 1602 rarius
905 1546 1113 1619 quarta
1156 1546 1215 1602 et
1259 1542 1469 1619 quinta
1513 1540 1708 1617 (sexta
1752 1545 1813 1601 et
1843 1539 2118 1618 septima)
2160 1558 2321 1601 arses
2368 1545 2815 1615 exornarentur,

450 1646 809 1724 tertiumque
869 1645 1068 1706 locum
1126 1646 1383 1704 habeant
1442 1645 1875 1728 homoeoarcta,
1934 1662 2085 1722 quae
2144 1644 2211 1702 in
2264 1644 2438 1712 tertia
2492 1648 2555 1702 et
2609 1644 2818 1720 quinta-

451 1747 680 1825 (quinta
725 1753 787 1807 et
830 1746 1101 1825 septima)
1143 1748 1373 1807 arsibus
1405 1748 1715 1807 conlocata
1743 1752 1901 1807 sunt.
1977 1746 2106 1820 Qua
2133 1747 2200 1805 in
2229 1765 2296 1806 re
2327 1746 2603 1823 conspice
2631 1764 2815 1822 quan-

454 1856 585 1909 tum
627 1852 813 1910 forma
855 1839 1171 1911 verborum
1213 1851 1482 1910 valuerit.
1570 1850 1726 1910 Nam
1767 1851 1985 1928 poetis,
2040 1854 2104 1908 ut
2145 1849 2533 1926 posteriorem
2584 1853 2816 1925 partem

454 1953 839 2013 iambicorum
904 1955 1269 2015 senariorum
1344 1953 1776 2012 octonariorum
1839 1953 2385 2029 trochaicorumque
2450 1951 2816 2028 septenario-

453 2075 589 2115 rum
627 2051 636 2134 Ι
676 2068 707 2106 L
727 2080 772 2113 v
797 2098 825 2105 -
851 2071 897 2106 tt
936 2052 945 2136 Ι
988 2070 1015 2106 Δ
1036 2092 1079 2112 υ
1098 2099 1136 2106 -
1169 2057 1579 2116 homoeoarcto
1611 2057 2066 2133 distinguerent,
2096 2056 2243 2116 adeo
2272 2073 2422 2132 opus
2450 2055 2565 2113 fuit
2592 2054 2813 2114 formae

451 2160 769 2218 verborum
811 2160 1100 2219 rationem
1142 2161 1377 2234 habere,
1421 2164 1489 2218 ut
1531 2160 1980 2220 homoeoarcton
2025 2160 2090 2218 in
2119 2159 2231 2218 ΠΙ.
2262 2158 2369 2217 IV.
2402 2158 2497 2234 (V.
2529 2155 2655 2230 VI.)
2700 2175 2813 2217 ars.

452 2262 760 2325 conlocare
804 2283 924 2324 non
953 2268 1213 2342 possent,
1255 2263 1376 2321 nisi
1415 2263 1669 2323 alterum
1699 2264 2053 2323 vocabulum
2080 2262 2442 2338 bisyllabum
2481 2261 2583 2320 vel
2611 2261 2815 2336 trisyl-

1312 2372 1446 2394 -ψ

452 2410 656 2470 labum
697 2412 810 2471 hac
852 2413 1038 2489 forma
1081 2416 1232 2472 erat:
1293 2407 1386 2504 ζΐ-ἰί
1405 2407 1450 2504 Ξ
1470 2456 1485 2487 ,
1539 2412 1797 2471 alterum
1850 2409 2213 2486 bisyllabum
2270 2408 2373 2469 vel
2436 2406 2815 2484 trisyllabum

1390 2564 1522 2586 -υ

1366 2598 1522 2622 νυν

451 2642 554 2702 vel
594 2642 1167 2720 hypertrisyllabum
1208 2644 1321 2705 hac
1368 2650 1458 2710 ⁸:3²
1476 2664 1521 2710 ζ
1576 2617 1704 2700 22.
1737 2674 1780 2700 υ
1800 2683 1829 2690 -
1863 2689 1877 2703 .
1980 2640 2267 2714 Quotiens
2322 2644 2518 2700 autem
2574 2637 2678 2699 IV.
2737 2639 2812 2699 V.

1374 2768 1414 2778 ..
1435 2757 1522 2786 w
2787 2777 2798 2782 -

455 2828 584 2906 (Ἡ.
628 2827 788 2906 VII.)
846 2849 958 2890 ars.
1017 2850 1254 2909 operam
1313 2834 1558 2908 dabant,
1617 2832 2004 2892 vehementer
2056 2831 2401 2909 studebant,
2468 2839 2561 2911 ut,
2627 2836 2816 2896 altero

453 2934 738 2993 vocabulo
781 2934 1076 3010 bisyllabo
1120 2937 1219 2995 vel
1260 2937 1572 3012 trisyllabo
1616 2954 1748 2995 eam
1793 2953 1971 3013 quam
2000 2936 2326 3014 conscripsi
2368 2938 2614 2997 formam
2645 2958 2816 3016 prae-

454 3038 635 3096 bente
653 3081 668 3111 ,
727 3037 981 3097 alterum
1038 3040 1323 3099 creticum
1378 3043 1751 3117 exaequaret.
1837 3037 1991 3097 Nam
2042 3057 2079 3097 a
2119 3041 2546 3116 monosyllabis
2587 3041 2653 3100 in
2695 3044 2818 3102 fine

451 3144 656 3217 poetas
687 3140 861 3200 valde
900 3139 1213 3202 abhorrere
1241 3143 1433 3217 vide0,
1478 3148 1655 3221 atque
1684 3123 2077 3202 homoeoarcti
2108 3145 2399 3222 exempla,
2443 3163 2594 3222 quae
2622 3162 2814 3228 usque

627 3306 679 3373 1)
714 3304 857 3359 Hinc
892 3309 1107 3375 apparet
1141 3323 1303 3376 quam
1336 3323 1611 3376 perperam
1636 3307 1926 3376 Geppertus
1962 3306 2158 3376 aliique
2195 3308 2454 3363 secundas
2488 3309 2816 3379 singularum

453 3390 787 3459 dipodiarum
821 3407 965 3445 arses
1000 3392 1099 3445 sub
1135 3393 1249 3446 ictu
1282 3394 1570 3461 posuerint.
1645 3392 1797 3458 Quod
1834 3409 1956 3446 cum
1991 3408 2053 3446 eo
2087 3394 2410 3463 prohibetur,
2450 3395 2592 3464 quod
2626 3395 2817 3449 breves

451 3477 747 3546 (ancipites)
784 3477 1017 3546 syllabas
1049 3478 1106 3530 in
1142 3478 1243 3532 fine
1277 3479 1436 3533 1011111.
1473 3494 1640 3533 senar.
1678 3481 1846 3533 octon.
1884 3478 2048 3532 troch.
2089 3481 2219 3547 sept.
2256 3479 2346 3533 vel
2380 3483 2503 3534 ante
2539 3497 2814 3536 caesuram

449 3562 608 3617 iamb.
646 3566 777 3632 sept.
815 3565 1013 3618 maiore
1050 3567 1274 3618 accentu
1307 3565 1645 3633 pronunciari
1678 3564 1802 3618 ferri
1835 3579 1942 3618 11011
1976 3566 2172 3633 potest,
2222 3567 2336 3619 tum
2370 3582 2438 3620 ne
2472 3567 2716 3636 utiquam
2751 3568 2818 3621 de

449 3648 545 3702 tali
582 3648 930 3718 descriptione
968 3650 1184 3719 cogitari
1221 3652 1416 3720 potest:
1453 3649 1590 3704 Trin.
1632 3655 1782 3719 1036,
1820 3655 1902 3704 37.
1942 3648 2131 3718 Gepp.:

654 3752 816 3807 Scuta
850 3753 1021 3808 iacere
1055 3755 1343 3825 fugereque
1377 3753 1546 3807 hostis
1585 3769 1728 3807 more
1764 3752 1958 3808 habent
1992 3753 2276 3808 licentiam.

654 3838 841 3893 Petere
875 3839 1126 3893 honorem
1161 3856 1254 3908 pro
1290 3837 1489 3909 flagitio
1525 3855 1670 3893 more
1705 3840 1784 3893 fit.
1822 3869 1889 3878 --
1923 3839 2127 3894 Μο10111
2160 3841 2458 3908 inprobum.

448 3942 587 3995 Nam
630 3957 735 3994 non
779 3942 921 4010 quod
965 3942 1176 3996 omnino
1220 3942 1365 4010 fiunt
1409 3941 1534 3996 talia
1576 3942 1835 4009 facinora,
1881 3930 2141 3998 Stasimus
2187 3958 2342 4014 aegre
2394 3943 2518 4012 fert3
2571 3944 2813 4012 ineptum

450 4027 666 4096 quidem
710 4029 789 4081 est
824 4029 878 4081 et
909 4028 1155 4097 putidum
1190 4045 1276 4096 ea,
1325 4043 1459 4098 quae
1505 4028 1750 4083 omnibus
1796 4029 2121 4097 temporibus
2166 4045 2199 4084 0
2234 4029 2551 4098 quibusdam
2597 4031 2817 4098 peccata

449 4114 587 4181 sunt,
622 4127 795 4181 neque
830 4130 1082 4183 umquam
1124 4129 1231 4168 11011
1264 4114 1648 4184 peccabuntur,
1693 4117 1755 4169 ut
1788 4116 1968 4170 hostes
2002 4115 2208 4183 fugere,
2257 4114 2478 4169 verbose
2513 4114 2816 4182 lamentari3

451 4199 545 4251 sed
581 4201 722 4267 quod
755 4200 989 4267 pessima
1022 4198 1223 4254 scelera
1255 4203 1370 4253 tum
1407 4217 1555 4253 more
1588 4201 1731 4270 fiant,
1768 4202 1825 4253 in
1859 4200 2037 4255 dolore
2074 4202 2169 4254 est.
2231 4200 2455 4254 Accedit
2490 4202 2630 4270 quod
2664 4203 2816 4255 testi-

451 4283 628 4338 monia
663 4283 855 4351 quibus
873 4284 1164 4353 Geppcrtus
1199 4285 1392 4355 aliique
1416 4286 1659 4340 nituntur
1682 4288 1749 4343 ad
1779 4287 2031 4341 iambicos
2056 4286 2287 4341 senarios
2309 4288 2514 4342 tantum
2536 4287 2817 4356 pertinent.
