3125 4867
1351 366 1782 429 „69-

397 541 666 602 eiusdem
695 540 930 602 litterae
959 543 1411 602 homoeoarcton
1440 545 1670 601 constat
1699 559 1818 600 uno
1846 540 2023 599 verbo
2053 540 2290 600 iterato:
2320 540 2534 600 Pseud.
2564 544 2756 619 11993

264 685 271 692 -
397 643 567 704 Most.
619 647 782 736 1116
830 642 962 721 (1100
1005 665 1054 705 0.
1099 645 1505 722 paronomasia
1547 666 1602 704 κ.
1648 635 1973 720 διάνοιαν);
2017 644 2231 721 Amph.
2279 646 2433 704 312:

394 764 653 843 Harpax.
702 797 783 806 —
829 765 891 825 Is
948 764 1193 844 quidem
1251 765 1460 842 edepol
1517 764 1762 843 Harpax
1817 768 1924 840 ego
1980 782 2129 823 sum.
2174 797 2257 806 -—-
2284 761 2491 824 ‘Immo
2548 764 2755 842 edepol

1928 870 2057 927 esse
2101 866 2210 925 vis.
2663 849 2670 853 ’

389 962 691 1047 'Exempla
733 971 940 1048 edepol
981 971 1194 1031 faciam
1238 991 1348 1048 ego
1389 972 1457 1030 in
1499 976 1580 1031 te.
1629 1003 1705 1012 —-
1751 971 1997 1031 Placeo:
2044 988 2116 1030 eo
2146 970 2480 1047 ememplum
2510 970 2749 1048 eaepetis

387 1070 521 1131 Hali
564 1073 789 1132 malum
831 1075 973 1133 huic
1016 1080 1109 1135 est
1139 1075 1384 1152 pondus
1416 1092 1642 1151 pugno.
1692 1106 1771 1114 ——
1819 1072 2001 1148 Perii,
2033 1091 2274 1149 pugnos
2306 1072 2618 1149 ponderat.

556 1211 679 1269 Aut
721 1211 904 1270 altera
957 1229 1210 1288 persona
1262 1211 1337 1271 ad
1390 1211 1605 1289 prioris
1658 1229 1848 1270 unum
1902 1211 2151 1271 verbum
2192 1208 2452 1268 adludit:
2520 1210 2748 1270 scilicet

385 1312 567 1371 verba
607 1313 860 1373 alterum
903 1333 1086 1392 prope
1129 1334 1165 1373 a
1207 1316 1356 1389 fine,
1421 1315 1678 1375 alterum
1734 1332 1916 1391 prope
1969 1314 2043 1373 ab
2085 1312 2256 1371 initio
2312 1312 2745 1372 sententiarum

382 1414 573 1490 posita
617 1421 773 1476 sunt.
863 1417 1079 1494 Amph.
1126 1419 1279 1495 3953
1323 1417 1449 1477 Mil.
1495 1419 1613 1478 49:

448 1529 451 1540 ”
681 1536 898 1596 Pacem
941 1536 1056 1597 feci
1098 1536 1307 1597 foedus
1350 1538 1483 1613 feci,
1525 1539 1664 1623 vera
1705 1537 1853 1597 dico.
1901 1527 1980 1580 '—
2025 1535 2279 1613 ‘Vapula

681 1639 911 1716 Edepol
953 1641 1287 1701 memoria’s
1333 1645 1588 1718 o'ptuma.
1634 1673 1718 1682 —
1772 1640 1940 1700 Offae
1987 1637 2125 1717 [me]
2171 1642 2433 1697 monent.
2455 1634 2498 1713 1-)

553 1775 815 1853 Liquido
859 1795 1000 1840 vero
1053 1777 1155 1837 1110
1213 1796 1358 1838 118118
1424 1780 1804 1839 confirmatur
1846 1777 2076 1836 duabus
2128 1775 2360 1836 scaenis
2403 1774 2570 1834 hisce
2615 1774 2739 1834 Mil.

381 1878 475 1937 III
491 1922 506 1953 ,
552 1883 587 1938 3
648 1884 711 1939 et
732 1867 968 1940 Pseud.
1013 1881 1062 1956 I,
1110 1884 1165 1941 3.
1250 1883 1449 1960 Atque
1494 1882 1560 1940 in
1603 1881 1796 1941 Milite
1840 1880 2283 1940 Acroteleution
2336 1895 2622 1958 respousa
2663 1877 2739 1936 ad

379 1980 912 2059 Preriplecomenis
936 1988 997 2044 et
1025 1985 1416 2048 Parmenonis
1424 1985 1797 2062 interrogata
1817 1984 1902 2044 ita
1928 1983 2349 2058 adcommodat,
2379 1986 2448 2042 ut
2467 1982 2737 2041 homoeo-

377 2089 578 2144 arcton
622 2087 738 2145 fiat.
824 2088 1076 2164 Appono
1117 2088 1519 2149 manifestiora
1564 2091 1706 2148 913.
1755 2091 1895 2148 914.
1942 2083 2132 2165 (923.)
2181 2090 2331 2146 924:

378 2219 570 2293 Quem
614 2222 820 2281 darem
863 2241 973 2300 ego
1014 2191 1189 2301 pon-k>
1231 2225 1409 2284 minti
1451 2226 1573 2284 tuis
1615 2226 1823 2285 verbis.
1872 2257 1954 2266 —
2012 2224 2153 2282 Vm
2194 2223 2362 2284 diois.

264 2334 282 2343 ·
377 2322 534 2395 Quid
576 2324 707 2383 istis
750 2343 913 2384 nunc
954 2329 1293 2385 memoratis
1336 2332 1540 2403 opust,
1605 2346 1758 2403 quae
1813 2326 2298 2386 conmeminere‘?
2342 2359 2425 2368 —
2468 2325 2730 2386 Meliust.

375 2424 591 2501 Populi
634 2426 836 2485 odium
879 2427 1091 2503 quidni
1132 2428 1420 2503 noverim,
1454 2429 1885 2505 ι11111111111ᾶ1011111,
1928 2428 2354 2502 cincinnatum,
2531 2507 2534 2514 .

373 2527 690 2590 Moechum
737 2532 1207 2606 unguentatum?
1255 2563 1333 2573 -—
1379 2532 1547 2592 Num
1590 2532 1697 2592 ille
1740 2536 1802 2592 te
1843 2549 1985 2590 nam
2024 2530 2236 2591 novit?
2283 2563 2357 2572 —
2405 2532 2734 2610 Nunquam

1911 2634 2079 2694 vstfit

541 2768 615 2828 In
658 2768 949 2829 Pseuduli
992 2789 1130 2831 vero
1173 2771 1411 2846 tricinio
1453 2771 1560 2833 illo
1605 2774 1825 2834 famoso
1871 2772 2160 2864 (Jaludoro
2202 2772 2622 2851 Pseuduloque
2665 2770 2731 2832 in

369 2871 702 2944 maledictis
756 2873 1014 2933 Ballioni
1077 2876 1426 2952 ingerendis
1483 2877 1916 2937 alternantibus
1980 2876 2081 2936 hic
2131 2875 2401 2953 quidem,
2465 2894 2582 2952 qua
2639 2879 2732 2935 est

367 2974 581 3048 cynica
620 2977 1092 3053 aequanimitate,
1134 2980 1444 3040 scurrilem
1485 2980 1553 3055 in
1595 2981 1837 3039 modum
1878 2979 1955 3039 ad
1995 2980 2234 3038 illorum
2276 2978 2591 3038 maledicta
2629 2977 2730 3037 ad-

368 3078 551 3138 ludit:
618 3081 809 3167 semel
862 3099 917 3139 v.
965 3083 1087 3141 365
1150 3082 1465 3142 maledicta
1517 3084 1674 3142 inter
1732 3100 1797 3143 se
1852 3087 1912 3142 et
1963 3082 2411 3142 interiectiones
2463 3082 2622 3140 inter
2664 3100 2730 3141 se

280 3263 285 3270 ἶ
367 3182 818 3244 homoeoarcton
861 3184 1114 3260 faciunt3
1158 3185 1224 3243 in
1267 3204 1321 3242 v.
1370 3188 1494 3245 360
1539 3186 1841 3245 chiasmus
1885 3184 2146 3262 quidam*
2169 3185 2447 3245 cernitur.

373 3322 515 3380 360.
583 3315 928 3398 'Impudice
974 3353 1057 3363 -
1102 3321 1266 3381 Itast.
1310 3355 1394 3365 —-
1441 3321 1723 3383 Sceleste.
1782 3354 1861 3364 —
1907 3323 2073 3386 Dicis
2126 3341 2272 3382 vera.
2322 3354 2400 3363 —
2461 3323 2725 3383 Verbero.

582 3460 666 3467 —
711 3423 1036 3502 Quippini‘?
1082 3457 1163 3467 ——
1207 3425 1535 3503 Bustirape.
1581 3459 1665 3466 —
1696 3426 1889 3487 Certe.
1920 3458 2003 3468 —-—
2032 3426 2327 3502 Furcifer.
2360 3461 2441 3469 —-
2472 3427 2725 3487 Factum

637 3570 641 3574 .
1906 3530 2143 3607 optime.

584 3635 669 3672 --'
711 3630 1106 3691 Sociofiaude.
1139 3663 1222 3672 —
1258 3631 1416 3694 Sunt
1442 3649 1579 3691 mea
1605 3632 1806 3692 istaec.
1838 3665 1919 3673 —-
1951 3632 2270 3693 Parricida.
2304 3665 2382 3675 —-
2416 3633 2611 3709 Perge
2640 3638 2721 3692 tu.

577 3766 660 3774 —
705 3733 1025 3810 Sacrilege.
1072 3767 1156 3775 -—
1200 3734 1425 3794 Fateor.
1472 3767 1558 3776 —
1601 3735 1862 3795 Periure.
1907 3768 1991 3777 —
2050 3736 2259 3796 Vetera
2300 3736 2719 3796 vaticinamini.

577 3868 657 3876 -
702 3836 1017 3914 Legitupa.
1071 3869 1138 3877 —
1192 3835 1423 3896 Valide.
1471 3873 1554 3881 —
1585 3838 1890 3898 Pernicies
1919 3838 2391 3900 ddulescentum.
2422 3871 2505 3880 —
2535 3839 2720 3898 Acer-

1892 3960 2080 4002 rume.

533 4190 584 4253 1)
623 4188 769 4243 Offae
804 4192 1019 4243 monent
1044 4189 1178 4243 libri
1199 4207 1326 4244 eum
1349 4191 1429 4265 A..
1486 4191 1692 4246 Veteris
1716 4196 1989 4246 conrector
2022 4209 2108 4246 me
2131 4195 2346 4247 monent
2376 4198 2514 4246 reete
2538 4210 2715 4248 emen-

355 4272 519 4325 dasse
553 4273 702 4326 mihi
738 4273 974 4328 videtur:
1022 4293 1160 4330 nam
1192 4294 1259 4330 ne
1291 4278 1548 4347 utiquam
1582 4278 1724 4348 ferri
1749 4284 1923 4348 potest
1957 4280 2091 4335 offae
2133 4279 2198 4332 in
2234 4279 2375 4333 thesi
2405 4279 2716 4336 delitescere.

360 4358 714 4412 Ribbeckium
749 4365 962 4414 secutus
998 4379 1125 4415 sum
1161 4363 1262 4430 qui
1297 4363 1444 4421 Offae
1478 4383 1567 4420 me
1600 4368 1815 4422 monent
1849 4364 1915 4418 in
1948 4366 2024 4420 ed.
2060 4384 2168 4422 sua
2192 4366 2457 4437 probavit.

2383 4491 2400 4508 'N-

2401 4509 2408 4518 .

2409 4537 2416 4545 ²
2423 4531 2466 4568 k
