3125 4867
920 349 925 356 ·
1291 317 1785 404 -33—'

302 518 493 594 plosi,
527 518 710 594 ploce,
753 517 1088 593 epanalepsi
1129 517 1323 577 varias
1365 513 1739 594 repetitionis
1781 516 2043 576 rationes
2085 517 2210 576 fere
2263 535 2359 576 me
2405 534 2536 577 esse
2579 518 2680 576 ad·

320 626 591 681 secutum
633 624 790 698 puto.
852 619 1005 679 Nam
1035 620 1111 679 de
1141 621 1533 698 epanaphora,
1578 620 1965 696 antistrophe,
2006 620 2328 696 symploce,
2372 638 2520 697 quas
2548 639 2682 697 par-

319 725 576 784 omoeosi
619 723 917 783 subiectas
959 723 1166 798 habeO,
1210 741 1390 801 supra
1431 723 1771 784 memoravi.

493 894 971 972 Epammstrophes
1013 895 1200 972 igitur
1241 895 1655 971 Hermogenes
1699 894 1816 953 duo
1859 910 2083 969 genera
2124 895 2344 953 statuit.
2418 896 2508 955 Ac
2564 897 2687 973 pri-

323 1016 489 1056 mum
532 1015 725 1073 genus
771 993 1194 1077 ἒπαναστροφὴ
1241 994 1390 1057 κατὰ
1421 991 1722 1073 συλλαβὴν
1765 996 2145 1072 Hermogene
2175 1001 2422 1056 auctore
2453 1017 2510 1075 p.
2543 1002 2687 1073 286,

327 1105 382 1174 7,
426 1103 517 1176 fit,
583 1095 747 1175 ιὅταν
789 1121 876 1172 τις
918 1098 1061 1178 μίαν
1122 1098 1276 1172 λέξιν
1320 1099 1566 1178 μερίσας
1619 1091 1725 1170 τὰς
1767 1095 2099 1169 τελευταίας
2144 1093 2440 1175 συλλαβὰς
2497 1094 2686 1178 ἀρχὴν

322 1205 430 1262 τοῦ
475 1200 909 1283 ἐπιφερομένου
935 1195 1254 1280 ποιήσηται
1298 1197 1509 1262 κώλου.
1532 1199 1580 1276 1)
1635 1195 1713 1272 ὧς
1742 1195 1774 1261 ὃ
1815 1200 2191 1279 Θουκυδίδης
2218 1200 2410 1278 (Vm,
2446 1201 2685 1277 16111),

326 1304 529 1383 Σαμία
572 1293 680 1384 μία
723 1308 889 1377 ναῦς.
947 1303 1050 1367 καὶ
1095 1303 1228 1383 (m,
1273 1301 1379 1381 22)
1422 1298 1637 1364 αὐτίκα
1666 1299 1793 1381 βοὴ
1841 1290 1949 1380 ἦν.
2026 1300 2129 1362 καὶ
2169 1299 2333 1384 παρὰ
2363 1307 2438 1388 τᾷ
2473 1301 2688 1388 ποιήτῃ

324 1404 417 1485 (Il.
463 1409 520 1485 β.
568 1406 714 1486 758)
765 1402 1055 1488 Πρόθοος
1099 1403 1253 1480 θοὸς
1298 1399 1674 1489 ἡψεμόνευεν.
1761 1407 2242 1485 Epanastrophes
2294 1426 2415 1467 non
2470 1426 2689 1468 nomen
3100 1409 3102 1464 4

324 1512 433 1572 sed
474 1531 653 1573 usum
696 1531 952 1589 eumque
971 1512 1441 1576 .Ciceronianum
1484 1510 1873 1589 reprehendit
1903 1509 2310 1583 Quintilianus
2353 1511 2461 1586 IX,
2493 1513 2550 1586 4,
2574 1516 2687 1573 41:
3103 1517 3104 1528 ¹

325 1616 670 1688 ‘videndum
727 1615 906 1675 etiam
961 1634 1040 1676 ne
1094 1616 1359 1690 syllabae
1416 1615 1585 1676 verbi
1641 1614 1854 1691 prioris
1906 1612 2156 1673 ultimae
2222 1618 2285 1676 et
2325 1615 2551 1690 primae
2596 1633 2690 1675 36-

324 1711 568 1795 quentis
613 1719 735 1778 sint
777 1718 1052 1778 eaedem:
1119 1718 1278 1795 quod
1320 1736 1398 1778 ne
1441 1718 1578 1795 quis
1635 1717 1901 1794 praecipi
1958 1716 2240 1792 miretur,
2309 1716 2582 1777 Ciceroni
2625 1719 2692 1777 in

326 1821 592 1898 epistolis
637 1821 889 1882 excidit:
933 1840 1030 1881 res
1072 1821 1223 1880 mihi
1265 1821 1496 1882 invisae
1539 1821 1705 1881 visae
1751 1825 1893 1880 sunt
1935 1819 2135 1894 Brute,
2180 1825 2243 1879 et
2285 1820 2353 1882 in
2397 1822 2690 1881 carmine:

326 1922 376 1984 Ο
420 1925 776 1984 fortunatam
817 1930 1018 1985 natam
1059 1943 1158 1985 me
1204 1925 1450 1984 consule
1492 1924 1759 1984 Romam'
1804 1924 1877 1984 cf.
1921 1922 2193 1983 Diomed.
2237 1942 2295 2001 p.
2342 1928 2486 2000 466,
2536 1930 2589 1984 1.
2619 1926 2691 1986 Κ.
2787 1915 2804 1926 ’

325 2027 614 2088 Eiusdem
657 2029 886 2105 figurae
931 2046 1107 2087 usum
1137 2028 1558 2105 Vergilianum
1604 2017 1905 2105 vituperat
1936 2028 2182 2089 Servius
2224 2026 2303 2086 ad
2329 2026 2511 2104 Verg.
2543 2029 2694 2088 Aen.

325 2130 406 2204 H,
452 2134 565 2193 27:
611 2131 843 2204 ,Dorica
885 2136 1090 2191 castra.
1164 2130 1325 2192 Mala
1367 2136 1459 2191 est
1501 2131 1849 2208 compositio
1892 2132 1966 2191 ab
2011 2149 2082 2191 ea
2127 2130 2360 2206 syllaba
2402 2131 2692 2207 incipere,

327 2252 444 2311 qua
487 2234 756 2311 superior
797 2236 1003 2295 finitus
1048 2239 1143 2294 est
1185 2252 1394 2293 sermo.
1438 2252 1579 2292 nam
1607 2234 1963 2312 plerumque
1997 2233 2405 2309 eacesrnphaton
2447 2234 2588 2293 facit
2630 2239 2697 2293 ut

328 2337 442 2395 hoc
483 2337 646 2397 loco’.
722 2337 795 2396 cf.
839 2335 1010 2396 Mart.
1057 2337 1197 2413 Cap.
1242 2338 1398 2410 433,
1447 2341 1514 2412 73
1561 2338 1708 2411 475,
1755 2340 1853 2396 24.
1898 2337 2009 2413 H.;
2077 2335 2220 2394 Isid.
2268 2337 2410 2410 517,
2467 2339 2523 2398 8.
2554 2336 2695 2411 Est)

499 2451 783 2515 Alterum
825 2460 1027 2515 autem
1070 2473 1262 2531 genus
1294 2449 1720 2533 ἕπαναστροφή
1768 2449 1949 2514 κατα
1994 2476 2031 2514 κ
2050 2457 2095 2513 ὤ
2111 2457 2142 2513 λ
2158 2477 2196 2512 α
2239 2455 2306 2514 111
2334 2456 2695 2533 repetitione

328 2556 431 2616 vel
472 2558 736 2617 eiusdem
763 2558 920 2616 verbi
947 2558 1303 2632 continetur,
1347 2558 1549 2617 Herm.
1596 2577 1657 2618 π.
1704 2556 1779 2617 ι’δ.
1812 2551 1888 2615 α’.
1937 2576 1991 2635 p.
2024 2561 2167 2634 286,
2213 2562 2281 2620 2:
2327 2558 2569 2636 ιγίνεται
2614 2558 2698 2630 δὲ,

329 2655 473 2719 ὅταν
516 2656 580 2721 τό
613 2659 774 2733 τέλος
816 2665 922 2721 τοῦ
968 2656 1160 2721 κώλου
1192 2657 1392 2740 ἑτέρου
1436 2653 1628 2720 κώλου
1658 2669 1744 2731 τις
1788 2656 1980 2739 α’ρχῆν
2010 2655 2365 2739 ποιήσηται’,
2411 2663 2513 2721 vel
2541 2663 2698 2721 eius-

327 2764 466 2841 dem,
500 2766 826 2842 commas,
870 2784 929 2843 p.
973 2769 1116 2840 286,
1166 2767 1278 2824 12:
1324 2758 1408 2839 ,ui
1454 2750 1568 2823 οὖν
1611 2763 1703 2838 (Π.
1751 2758 1806 2822 v'
1854 2762 2031 2840 371):

336 2934 533 2941 —————

508 3033 560 3099 1)
595 3036 694 3087 τοῦ
760 3029 1166 3102 ἐπιφερομένου
1213 3031 1389 3086 κώλου
1442 3047 1808 3099 perperperam
1854 3033 2027 3099 posita
2072 3047 2188 3086 esse
2223 3048 2317 3100 pro
2365 3035 2464 3101 τῆς
2509 3031 2699 3101 ἐπιφε-

341 3113 577 3186 ρομένης
612 3114 803 3183 λέξεως
836 3116 1081 3185 exempla
1116 3117 1322 3170 docent.

472 3218 528 3288 2)
563 3218 644 3272 De
668 3219 1075 3288 epanastrophes
1111 3218 1255 3273 κατὰ
1279 3215 1552 3288 συλλαβὴν
1586 3233 1705 3287 usu,
1741 3218 1989 3286 quoniam
2013 3218 2263 3286 permulti
2298 3220 2538 3273 homines
2563 3220 2705 3273 docti

337 3303 726 3374 quaesiverunt,
745 3321 901 3358 1161110
918 3320 1102 3358 eorum
1122 3303 1530 3373 epanastrophes
1545 3319 1740 3357 nomen
1756 3303 1968 3371 recepit.
2015 3307 2065 3357 A
2078 3304 2265 3359 drian
2275 3321 2347 3358 us
2371 3305 2707 3360 Turnebus

336 3393 539 3446 advers.
565 3391 688 3460 VH,
728 3396 810 3458 19,
846 3393 901 3445 et
922 3390 1087 3445 Petr.
1124 3390 1470 3444 Victorius
1510 3406 1618 3445 var.
1648 3393 1703 3444 et
1737 3391 1841 3445 ant.
1866 3389 1986 3444 lect.
2023 3387 2183 3461 XVI,
2222 3395 2313 3460 19,
2349 3392 2417 3446 ad
2439 3391 2596 3445 illum
2628 3393 2705 3446 fa·

334 3493 543 3531 mosum
578 3477 844 3532 Ciceronis
878 3492 1093 3531 versum
1130 3474 1191 3545 ιΟ
1226 3476 1544 3531 fortunatam
1579 3474 1774 3532 natam’
1813 3478 1946 3545 eth.
1985 3477 2050 3530 de
2093 3476 2398 3542 iteratione,
2418 3479 2705 3532 earundem

337 3562 663 3632 syllabarum
705 3565 1022 3630 memorant3
1055 3561 1330 3616 Fulvius
1365 3562 1652 3617 Ursinus
1690 3562 1861 3633 ,Verg
1900 3562 2017 3617 coll.
2054 3563 2232 3631 script.
2281 3563 2462 3618 Graec.
2516 3564 2592 3617 ill.
2640 3566 2706 3619 ad

335 3649 482 3703 Aen!
518 3650 588 3719 Π,
625 3655 710 3717 27,
746 3648 1048 3717 κακόφατα
1071 3648 1351 3726 vituperat.
1403 3647 1706 3702 Muretus
1742 3652 1922 3704 autem
1956 3649 2024 3703 ad
2060 3647 2170 3703 Tib.
2205 3649 2249 3716 Ι,
2291 3655 2335 3714 1,
2374 3654 2406 3702 3
2431 3653 2488 3703 et
2509 3656 2557 3718 7,
2596 3667 2701 3720 ,ap-

338 3738 504 3804 paret,
539 3735 729 3804 inquit,
767 3735 911 3788 hunc
945 3733 1503 3804 poetam'elegantiam
1541 3735 1806 3804 quandam
1839 3736 2055 3802 putasse
2090 3751 2207 3788 6336
2241 3735 2299 3787 111
2322 3737 2564 3790 61113116111
2600 3736 2708 3805 syl·

339 3820 488 3876 labae
526 3822 832 3875 continuata
864 3820 1193 3889 repetitione,
1230 3822 1295 3873 ut
1329 3836 1488 3889 supra
1522 3819 1611 3873 Me
1648 3836 1796 3874 mea:
1834 3822 1892 3873 et
1920 3837 2062 3875 nunc
2096 3820 2212 3889 ipse
2251 3836 2448 3875 seram:
2484 3824 2539 3875 et
2585 3838 2710 3875 mox

339 3905 511 3962 Roma
544 3923 732 3962 manu:
770 3908 823 3960 et
856 3907 1006 3970 infra,
1043 3905 1212 3959 multa
1235 3904 1428 3960 tabella
1462 3909 1518 3959 et
1541 3906 1686 3959 sicca
1710 3905 1856 3960 canis
1892 3910 1947 3959 et
1968 3908 2088 3961 tam'
2101 3906 2285 3960 multis
2310 3906 2442 3962 locis
2467 3908 2711 3978 denique,

341 3994 403 4045 ut
438 3995 655 4061 constet,
691 3993 793 4045 hoo
815 4007 922 4045 non
948 4007 1075 4045 casu
1111 3991 1204 4044 sed
1229 3990 1408 4045 dedita
1431 4007 1589 4060 opera
1621 3991 1853 4045 factum’.
1902 3992 2031 4056 Post
2065 4009 2226 4061 quem
2248 3993 2712 4048 Broukhusius

341 4078 410 4131 ad
442 4077 552 4131 Tib.
588 4078 633 4147 Ι,
673 4083 719 4146 1,
756 4082 807 4145 3,
838 4075 1276 4146 yminatioowm
1310 4077 1488 4145 posuit
1533 4077 1592 4130 in
1625 4076 1715 4130 Me
1749 4093 1885 4145 mea,
1921 4066 2211 4146 eodemque
2255 4079 2513 4133 vocabulo
2547 4080 2715 4133 utitur

342 4162 453 4215 Gis
462 4163 523 4217 fa
536 4164 685 4216 nius
737 4165 794 4216 in
846 4164 989 4218 Conl.
1036 4162 1384 4217 LucretianiS.
1456 4162 1902 4216 Adlitterationis
1947 4179 2074 4218 vero
2123 4165 2354 4218 secunda
2398 4164 2602 4233 species
2658 4166 2713 4218 in

345 4265 454 4302 una
486 4251 752 4317 postrema
795 4252 954 4318 atque
998 4250 1165 4305 altera
1207 4250 1376 4317 prima
1426 4248 1632 4317 syllaba
1673 4266 1706 4303 a
1753 4248 2001 4303 Naekio
2037 4250 2282 4304 cernitur.
2352 4250 2424 4303 M.
2460 4250 2522 4304 R.
2564 4255 2715 4316 1829,

346 4351 396 4401 p.
436 4338 538 4388 380
574 4349 688 4402 sqq.

2269 4427 2300 4473 3
