3125 4867
1360 304 1786 369 „48-

566 481 720 540 Nam
766 482 820 540 si
862 481 1021 557 ignis
1064 480 1229 541 vivet
1273 480 1617 555 extinguere
1661 481 2020 557 eoetempulQ

565 584 784 661 Aliquo
810 584 980 644 fflud
1020 571 1191 661 pacto
1235 583 1489 659 optingit
1532 586 1794 659 optatum
1836 583 1971 661 piis.

562 685 724 745 Num
765 688 922 746 male
966 687 1208 747 relatast
1251 687 1456 763 gratia,
1499 691 1569 745 ut
1611 685 1916 763 conlegam
1958 685 2318 746 conlaudavi.

564 789 681 863 Qui
723 792 889 867 ipsus
933 808 998 850 se
1041 790 1385 864 contemnit,
1427 790 1494 848 in
1538 793 1670 849 eost
1711 789 1942 849 indoles
1985 788 2327 848 industriae.

562 876 672 952 Est
714 893 875 953 domi
918 894 1077 971 quod
1121 893 1372 966 edimuS,
1416 910 1494 952 ne
1537 910 1649 952 nos
1692 894 1814 951 tam
1856 892 2235 969 contemptim
2277 895 2557 950 conteras.

391 1013 591 1074 Tertio
658 1012 868 1074 eadem
933 1013 1365 1091 praepositione
1421 1013 1744 1090 composito
1804 1015 1982 1072 verbo
2048 1012 2360 1088 adsumpto
2425 1011 2552 1071 Mil.
2601 1014 2755 1088 1973
2823 1055 2829 1060 -

390 1116 544 1177 Enn.
588 1120 661 1176 tr.
710 1120 862 1177 123:

519 1219 679 1278 Dum
724 1237 835 1296 ego
878 1219 1029 1279 mihi
1070 1219 1318 1279 consilia
1358 1218 1424 1278 in
1467 1219 1736 1278 animum
1778 1223 2035 1278 convoco
2078 1223 2141 1279 et
2183 1219 2327 1278 dum
2369 1218 2627 1277 consulo,

460 1389 467 1398 ,
526 1323 744 1383 Pacem
786 1323 947 1381 inter
990 1324 1124 1383 sese
1168 1322 1483 1381 conciliant
1516 1323 1839 1382 conferunt
1880 1322 2261 1382 concordiam.

391 1442 945 1503 Manifestissimum
986 1446 1187 1502 autem
1230 1447 1322 1504 est
1363 1442 1586 1519 triplex
1628 1443 1783 1501 illud
1826 1460 1906 1502 ex
1950 1442 2083 1502 Ter.
2126 1442 2339 1502 Heaut.
2385 1443 2509 1502 209
2528 1485 2543 1516 ,
2601 1440 2758 1517 quod

392 1545 678 1608 Claudius
723 1545 956 1606 Sacerd.
1000 1565 1058 1622 p.
1103 1547 1249 1620 458,
1283 1546 1475 1606 28111
1518 1545 1906 1622 ιΡ.11.1’11()111οε>ο’
1950 1546 2182 1623 posuit:

741 1648 1078 1722 Necessest,
1121 1647 1400 1726 Clitipho,
1444 1648 1693 1707 consilia
1734 1649 2015 1726 consequi
2057 1648 2404 1710 consimilia.

564 1765 683 1848 s'ed
738 1786 945 1846 videas
988 1785 1134 1863 quid
1190 1784 1345 1844 illud
1397 1791 1712 1862 ‘quantum
1743 1787 2086 1861 potucmmt'
2145 1785 2261 1845 sibi
2302 1786 2466 1846 velit.
2553 1784 2755 1844 Poetis

392 1891 557 1950 enim
612 1888 1041 1966 impedimento
1097 1890 1341 1949 fuerunt
1382 1889 1689 1948 vorborum
1754 1889 1953 1965 forma
1965 1934 1985 1963 ,
2051 1888 2386 1948 coniunctio
2400 1934 2419 1964 ,
2476 1904 2756 1946 versuum

392 1992 755 2068 omnpom'tio.
1593 2071 1600 2076 ἱ

559 2095 831 2154 Primum
884 2094 1072 2170 igitur
1128 2099 1331 2174 specta
1389 2094 1666 2170 formam.
1757 2094 2045 2168 Quotiens
2087 2096 2269 2155 verba
2321 2097 2439 2153 aut'
2466 2095 2541 2153 ab
2583 2093 2754 2152 initio

387 2198 639 2257 iambica
680 2199 867 2256 forma
909 2203 1081 2258 sunt:
1129 2227 1175 2254 υ
1193 2238 1233 2247 -
1265 2209 1276 2277 Ι
1420 2202 1489 2256 ut
1530 2198 1866 2290 peculiaria
1911 2202 2014 2257 aut
2042 2183 2262 2258 cretica
2287 2198 2354 2257 in
2379 2187 2754 2258 fine-duabus

390 2302 668 2360 brevibus
705 2301 955 2375 syllabis
992 2318 1187 2359 unave
1218 2301 1399 2375 longa
1431 2301 1951 2377 praecedentibus:
1985 2318 2077 2365 π
2115 2298 2125 2380 Ι
2164 2342 2207 2353 -
2226 2340 2273 2364 ψ
2291 2341 2336 2351 -
2358 2306 2425 2361 ut
2446 2301 2754 2381 sapientia,

388 2403 788 2480 paenissume,
831 2404 1058 2480 primae
1103 2422 1305 2463 eorum
1349 2404 1617 2479 syllabae
1684 2404 1751 2464 in
1793 2405 2025 2465 arsibus
2068 2406 2451 2464 iambicorum
2504 2404 2755 2463 trochai-

390 2525 712 2584 corumque
754 2525 1036 2565 versuum
1079 2510 1282 2566 extare
1326 2525 1448 2566 non
1490 2511 1757 2584 possunt.
1823 2509 1960 2567 Aul.
2006 2511 2163 2585 4663
2208 2507 2376 2567 Caec.
2421 2507 2564 2568 Stat.
2602 2511 2753 2570 266:

803 2608 918 2682 Qui
961 2609 1105 2667 anui
1149 2612 1275 2668 erat
1303 2609 1631 2684 mentiaris
1673 2610 1935 2685 perdidit
1972 2614 2366 2685 paeni-esum.

798 2711 991 2788 Saepe
1034 2715 1126 2770 est
1168 2711 1350 2770 etiam
1393 2712 1504 2769 sub
1547 2711 1791 2787 palliolo
1835 2711 2071 2770 sordido
2114 2712 2423 2786 captantia.

562 2831 759 2891 Verba
801 2835 1027 2905 autem,
1083 2848 1234 2907 quae
1278 2831 1390 2889 hac
1432 2830 1620 2889 forma
1662 2834 1833 2904 sunt,
1885 2830 2065 2889 etiam
2108 2829 2498 2889 antecedentia
2540 2830 2594 2888 si
2636 2834 2753 2888 tro-

393 2937 641 2995 chaeum
683 2934 783 2994 vel
826 2933 1155 3011 spondeum
1197 2937 1474 3010 aequent,
1517 2933 1603 2991 ita
1643 2936 1942 3009 premunt,
1985 2938 2054 2992 ut
2095 2951 2174 2993 ne
2218 2934 2365 2992 haec
2400 2932 2645 3010 quidem
2686 2932 2754 2990 in

390 3039 627 3144 arsibus¹
668 3041 870 3097 extare
914 3037 1161 3114 possint.
1226 3035 1411 3096 Naev.
1458 3055 1608 3098 com.
1659 3039 1811 3114 1133
1856 3037 2069 3096 Bacch.
2117 3040 2231 3097 96:

695 3139 914 3202 Libera
957 3140 1167 3216 linqunt
1211 3139 1519 3216 loquemur
1546 3139 1722 3200 ludis
1765 3139 2127 3200 liberalibus

694 3241 786 3302 Tu
828 3243 1003 3324 facito
1046 3245 1396 3320 opsonatum
1438 3243 1611 3303 nobis
1657 3245 1735 3302 sit
1778 3242 2121 3319 opukntwm
2163 3242 2500 3318 opsonium.

566 3345 694 3405 Nec
736 3346 1082 3423 pyrrhichia
1126 3351 1373 3423 excepta
1417 3351 1575 3420 sunt,
1627 3346 1680 3405 si
1722 3346 1872 3405 haec
1911 3377 1954 3403 υ
1970 3376 2015 3403 υ
2044 3357 2054 3425 Ι
2088 3387 2128 3395 -
2146 3376 2191 3403 ψ
2208 3386 2251 3397 -.
2286 3344 2655 3422 praecedant.

395 3447 546 3507 Rud.
596 3451 750 3509 607:
838 3447 1095 3508 Videtur
1136 3449 1292 3508 ultro
1334 3449 1485 3507 mihi
1527 3447 1760 3507 malum
1799 3448 2154 3508 mmitdrier.

564 3568 957 3645 Aliquantum
1000 3567 1180 3627 etiam
1222 3567 1589 3627 difficultatis
1631 3569 1835 3627 attulit
1875 3587 2157 3628 vcrsmmn
2183 3573 2498 3628 structwa.
2559 3569 2756 3645 Atque

392 3670 469 3729 ad
511 3670 979 3729 comitiationem
1020 3677 1291 3730 accentus
1329 3672 1709 3746 yroanmatici
1751 3677 1803 3730 ct
1845 3671 2074 3731 metrici
2099 3671 2390 3748 pertinet,
2433 3671 2592 3749 quod
2619 3689 2757 3747 poe-

355 3767 488 3832 'tae
534 3778 847 3848 caverunt,
903 3792 980 3858 ne
1022 3775 1243 3851 primas
1287 3774 1550 3850 syllabas
1607 3775 2134 3835 choriambicorum
2190 3775 2756 3851 molossicorumque

394 3877 812 3936 vocabulorum
854 3876 921 3936 in
963 3878 1193 3937 arsibus
1223 3878 1502 3937 locarent.
1561 3878 1733 3938 Most.
1769 3878 1925 3955 3523
1971 3878 2136 3954 Oapt.
2174 3878 2293 3937 651
2298 3869 2400 3958 s2;
2445 3876 2569 3935 Mil.
2597 3878 2757 3937 650:

526 3974 638 4039 'Ita
679 3980 824 4039 mali
866 3981 1155 4039 nmeroris
1197 3985 1462 4040 montem
1503 3998 1852 4038 maxumum
1894 3980 1969 4039 ad
2011 3981 2247 4055 portum
2289 3978 2478 4038 modo,

1506 4112 1590 4123 -—
1634 4114 1721 4125 —-
1765 4081 1921 4155 Quid
1963 4082 2221 4154 cessatis,
2268 4080 2587 4158 conpedeS,

525 4184 777 4246 Currere
821 4185 898 4244 ad
940 4204 1038 4245 me
1081 4185 1333 4261 meaque
1378 4183 1659 4261 amplecti
1702 4186 1873 4243 crura
1914 4188 1983 4242 ut
2024 4201 2131 4242 vos
2174 4183 2517 4243 custodiam.

522 4286 734 4364 Neque
768 4288 1073 4363 praerapto
1112 4286 1573 4364 pulpamentum
1617 4288 1817 4364 neque
1854 4292 2158 4363 praevorto
2202 4287 2499 4364 poculum.
2617 4339 2630 4358 ,

2995 4491 3101 4833 Α
