3125 4867
1302 352 1734 416 ...13-..

331 523 434 604 (α’.
479 525 614 606 37):
657 526 894 605 (Κλῦθί
935 548 1046 606 μευ
1081 521 1453 607 Ἀργυρότοξ
1471 524 1517 603 ),
1562 521 1631 598 ὃς
1680 525 1931 606 Χρύσην
1976 520 2414 607 ἀμφιβέβηκας,
2479 526 2705 587 Κίλλαν

329 652 394 690 τε
438 628 685 708 ζαθέην,
740 625 1011 691 Τενέδοιό
1056 652 1117 690 τε
1161 623 1257 707 ἶφι
1284 623 1605 701 ἆνᾶσσειξ.
1669 628 1799 704 Quo
1827 631 1957 691 loeo
1989 624 2401 708 ‘laocvuassia’
2454 649 2706 692 comma-

330 739 466 794 tum
507 753 723 812 nempe
751 735 1169 813 aequalitatem
1199 734 1514 811 signifieat,
1558 753 1681 794 non
1709 740 1777 794 ut
1798 733 2027 794 Walzio
2056 734 2283 811 placuit
2304 735 2620 795 verborum
2641 731 2705 811 ¹).

330 836 652 899 Praeterea
692 839 759 898 in
803 839 1057 899 eandem
1101 839 1460 900 sententiam
1502 838 1793 920 accipitur
1838 837 1913 897 ἰσ
1927 858 1959 896 ο
1976 828 2061 896 σύ
2075 840 2106 895 λ
2120 837 2300 915 λαβο
2316 861 2352 895 ν
2394 857 2431 897 a
2471 837 2708 898 Tiberio

330 941 506 1017 Vm,
548 961 606 1020 p.
650 944 805 1017 562,
864 947 919 1003 7.
949 937 1082 1018 W„
1128 943 1197 1005 et
1248 943 1324 1002 ab
1366 960 1664 1018 anonymo
1707 941 1858 1017 VII,
1901 960 1960 1019 p.
2008 944 2191 1016 1039,
2236 946 2301 1017 1,
2365 941 2708 1020 Ioanneque

333 1045 554 1105 Sieelio
584 1044 692 1121 Vi,
735 1064 792 1123 p.
838 1048 982 1120 328,
1017 1049 1114 1120 19,
1158 1046 1496 1106 scholiastis
1537 1046 1616 1105 ad
1647 1045 1854 1106 Herm.
1883 1065 1945 1103 π.
1977 1043 2054 1106 ἰδ.
2086 1038 2160 1104 α’.
2191 1044 2463 1106 Tiberius
2505 1049 2707 1105 autem

298 1196 310 1204 .
333 1142 882 1225 ‘fipowtskevwiov’
937 1149 1283 1227 exemplum
1339 1149 1496 1209 illud
1537 1148 1901 1209 Isocrateum
1956 1147 2093 1209 Hel.
2145 1165 2275 1208 ene.
2324 1152 2378 1208 9.
2434 1145 2556 1222 ικαὶ
2598 1150 2706 1207 τοῦ

332 1246 447 1329 μὲν
493 1248 779 1329 ἐπίμονον
824 1248 927 1311 καὶ
971 1248 1355 1312 ἐπικίνδυνον
1399 1246 1500 1312 τὸν
1544 1250 1683 1329 βίον
1723 1248 1971 1329 ἐποίησε
1988 1295 2005 1323 ,
2059 1253 2164 1328 τῆς
2202 1245 2274 1309 δὲ
2318 1249 2708 1329 περίβλεπτον

332 1351 441 1413 καὶ
483 1348 880 1434 περιμάχητον
922 1359 1031 1433 τὴν
1077 1349 1266 1431 φύσιν
1309 1344 1703 1431 κατέστησενζ
1749 1347 2141 1430 ἰσοσύλλαβον
2175 1370 2310 1413 esse
2339 1358 2540 1413 monet
2584 1350 2706 1427 ‘noti

333 1450 549 1533 ὅμοιον
572 1460 654 1540 τῷ
674 1451 863 1541 τόνῳὶ
886 1458 1042 1518 Item
1064 1476 1400 1535 anonymus
1423 1459 1500 1519 de
1513 1439 1972 1518 homoeoteleuti
1981 1457 2259 1534 exemplo
2269 1456 2710 1520 Demostheneo

335 1582 396 1621 κ.
430 1559 685 1640 Ανδροτ.
731 1563 831 1637 in.,
875 1579 992 1639 quo
1014 1561 1426 1639 Hermogenes
1467 1580 1524 1639 Ρ.
1558 1563 1703 1635 281,
1740 1564 1776 1620 9
1821 1579 1967 1620 usus
2012 1565 2122 1635 est,
2169 1553 2529 1637 ἰσοσύλλαβα
2574 1577 2709 1619 esse

331 1669 622 1723 memorat
675 1666 791 1724 tria
853 1665 987 1725 eius
1043 1664 1185 1724 oola.
1272 1663 1333 1725 N
1336 1683 1408 1725 66
1449 1664 1654 1724 minus
1696 1664 1957 1725 Ioannes
2001 1647 2527 1742 81616665711611011
2570 1680 2710 1721 eon-

331 1768 539 1844 iungit
579 1785 720 1827 oum
746 1767 1249 1829 homoeoteleuto:
1297 1761 1461 1842 (ὅταν
1502 1770 1577 1826 τὰ
1619 1770 1779 1827 κῶλα
1805 1762 1950 1845 μετὰ
1992 1765 2098 1826 τοῦ
2130 1759 2577 1843 ὅμοιοτελεύτου
2608 1762 2711 1825 καὶ

337 1864 714 1959 ἰσοσύλλαβα.
746 1858 929 1932 &mvl
947 1869 994 1947 2)

1188 2005 1304 2102 De
1347 2035 1865 2118 paromoeosi.
1987 2103 1996 2114 ,

446 2229 452 2234 -
515 2184 548 2254 ἓ
583 2185 640 2243 5.
683 2181 775 2242 De
816 2182 961 2243 artis
1003 2182 1267 2256 nomine,
1313 2180 1473 2260 quod
1500 2178 1952 2258 proponendum
1993 2183 2102 2254 est,
2144 2197 2224 2239 ne
2253 2179 2548 2239 omittam:
2592 2178 2709 2237 duo

336 2285 486 2343 artis
544 2286 830 2345 voeabula
890 2285 1217 2363 generalia·
1248 2284 1644 2346 inveniuntur
1661 2328 1677 2359 ,
1721 2301 1972 2361 quorum
2026 2301 2217 2341 unum
2275 2283 2349 2341 ab
2392 2282 2710 2342 Aristotele

339 2387 458 2447 Rh.
486 2388 598 2463 111,
625 2392 678 2448 9.
723 2406 781 2466 p.
816 2392 957 2450 123.
988 2389 1108 2466 Sp,
1149 2388 1402 2449 alterum
1429 2388 1504 2447 ab
1533 2386 1914 2462 Hermogene
1943 2406 2005 2443 π.
2052 2384 2129 2445 ἰδ.
2158 2379 2233 2443 α’.
2260 2404 2319 2462 Ρ.
2351 2388 2506 2460 284,
2529 2388 2581 2444 3.
2613 2384 2709 2446 W.

339 2491 534 2568 posita
562 2495 720 2567 sunt,
762 2489 1279 2569 παρομοίωσις
1310 2496 1373 2552 et
1401 2488 1831 2568 παρίσωσις.
1874 2489 2071 2566 Atque
2100 2493 2240 2548 ante
2267 2488 2712 2564 Hermogenem

342 2595 616 2655 rhetores
660 2596 1082 2656 Aristotelem
1124 2595 1425 2655 laudatam
1467 2593 1768 2653 habebant
1809 2589 2254 2670 παρομοίωσιν;
2312 2591 2472 2669 quod.
2514 2596 2713 2651 autem

344 2703 549 2774 postea
591 2698 658 2758 in
700 2699 969 2759 omnium
1009 2718 1126 2759 usu
1167 2699 1283 2759 fuit
1326 2696 1675 2779 παρίσωσις,
1722 2700 1945 2784 quanta
1986 2695 2101 2754 fuit
2129 2694 2526 2771 Hermogenis
2554 2696 2714 2773 apud

343 2787 700 2878 posteriores
730 2796 1077 2877 ¹auotoritas,
1119 2803 1340 2862 mirum
1382 2819 1505 2861 non
1535 2805 1645 2861 est.
1719 2797 2141 2880 Παρομοίῳσις
2169 2804 2304 2877 post
2332 2799 2715 2858 Aristotelem

343 2922 483 2963 eum
539 2906 613 2966 ab
664 2905 801 2966 aliis
853 2911 984 2966 tum
1039 2925 1076 2965 a
1117 2905 1429 2983 Dyonysio
1470 2903 1995 2964 Halicarnassensi
2052 2921 2176 2962 non
2230 2902 2420 2962 semel
2475 2920 2546 2961 ae
2587 2902 2712 2961 fere

344 3025 485 3065 eum
526 3008 813 3069 antithesi
855 3013 916 3082 et
956 3009 1208 3086 parisosi
1251 3008 1570 3068 eoniuneta
1610 3007 1914 3065 laudatur:
1960 3005 2035 3065 de
2063 3005 2209 3079 Lys.
2252 3024 2303 3064 6.
2339 3008 2435 3078 14,
2461 3022 2536 3080 Ρ.
2567 3007 2710 3065 483.

345 3109 436 3185 R.,
491 3111 567 3171 de
608 3111 756 3171 Ioer.
799 3130 850 3170 6.
885 3114 941 3185 2,
982 3130 1040 3188 Ρ.
1089 3113 1244 3186 539,
1287 3129 1337 3169 6.
1384 3112 1482 3183 15,
1522 3127 1581 3186 p.
1627 3110 1770 3168 561.
1813 3109 1893 3167 al.
1933 3107 1977 3188 1.
2021 3107 2113 3168 De
2159 3107 2505 3182 ‘paromoeis
2548 3107 2715 3166 oolis'

345 3214 563 3289 eogitat
595 3214 939 3275 Demetrius
982 3236 1045 3273 π.
1074 3210 1201 3291 ἓρμ.
1247 3214 1280 3285 ἕ
1313 3214 1417 3273 25.
1458 3230 1517 3289 Ρ.
1553 3212 1652 3285 15,
1686 3214 1783 3271 13.
1813 3209 1907 3268 W.
1965 3209 2284 3271 Praeterea
2312 3208 2715 3288 παρομοίωσις

521 3414 576 3481 1)
610 3431 662 3482 Ρ.
684 3419 804 3483 137,
838 3414 958 3471 adn.
981 3419 1076 3467 18:
1113 3411 1265 3482 ‘Mihi
1288 3411 1503 3481 quidem
1531 3411 1888 3482 ἰσοσνλλαβία
1910 3410 1969 3464 in
1991 3425 2125 3465 vooe
2149 3405 2376 3479 Χρύσης
2409 3411 2463 3464 et
2486 3406 2717 3481 Χρύσην

347 3514 381 3553 a
412 3498 700 3554 Menandro
736 3500 918 3570 quaeri
951 3499 1194 3555 videtur.’

518 3588 574 3651 2)
613 3585 747 3639 Cum
780 3587 954 3655 pariso
977 3588 1164 3655 poetae
1198 3587 1253 3640 et
1286 3587 1516 3640 oratores
1540 3584 1753 3651 saepius
1782 3583 2107 3652 coniungunt
2130 3582 2460 3647 antitheton5
2498 3583 2717 3653 Gorgias

348 3670 562 3738 quidem
599 3671 716 3725 eius
747 3672 826 3726 rei
859 3689 1018 3727 usum
1051 3672 1239 3727 habuit
1271 3670 1566 3724 inlustrem.
1639 3668 1974 3737 Aristoteles,
2021 3669 2112 3737 qui
2146 3667 2249 3722 Rh.
2285 3667 2393 3738 ΠΙ,
2430 3674 2479 3737 9,
2525 3687 2577 3737 Ρ.
2616 3674 2717 3723 122

347 3756 485 3810 inter
518 3754 664 3823 λέξιν
699 3757 792 3829 διῄ
801 3757 1042 3830 ρημένην
1077 3761 1130 3811 et
1164 3754 1543 3825 ἀντικειμένην
1580 3754 1883 3824 distinguit,
1917 3754 2045 3809 huie
2084 3755 2284 3824 figurae
2317 3771 2510 3808 nomen
2542 3756 2720 3823 posuit

349 3842 592 3895 antitheti
627 3842 1022 3916 (ἀντιθέσεως).
1094 3844 1255 3912 Apud
1286 3842 1604 3912 posteriores
1638 3840 1962 3895 antitheseos
1995 3839 2171 3909 (Alex.
2209 3858 2260 3908 Ρ.
2297 3845 2416 3909 477,
2454 3845 2557 3909 16,
2590 3840 2716 3896 Her.

349 3943 400 3993 p.
437 3932 564 3997 602,
603 3930 691 3999 11)
744 3930 833 3988 vel
876 3931 1123 3986 antitheti
1162 3929 1314 3985 varia
1356 3927 1701 3996 secernuntur
1762 3942 1975 3996 genera3
2030 3942 2063 3981 a
2116 3925 2319 3979 Tiberio
2372 3926 2533 3980 etiam
2584 3928 2719 3981 duae

349 4013 576 4068 rationes
612 4018 1000 4070 constituuntur
1037 4015 1194 4086 ικατὰ
1231 4011 1505 4069 διάνοιαν’
1545 4013 1616 4081 (Ρ.
1654 4015 1772 4080 545,
1811 4012 1863 4081 7)
1893 4013 1966 4065 ,et
2001 4010 2158 4082 ικατὰ
2192 4010 2352 4078 λέξιν’
2388 4011 2460 4081 (Ρ.
2482 4017 2599 4083 569,
2635 4013 2717 4083 4);

353 4097 432 4163 ιτὸ
470 4096 533 4153 δὲ
565 4104 663 4170 τῆς
706 4100 899 4169 λέξεως
935 4100 1248 4157 ἀνώθει-ον’
1296 4097 1580 4168 dupliciter
1621 4098 1734 4151 fieri
1780 4100 1959 4152 monet
2003 4094 2053 4168 ιἢ
2100 4096 2243 4152 κατὰ
2271 4101 2465 4168 κκῶλον
2507 4093 2544 4169 ἢ
2580 4101 2719 4154 κατὰ

352 4180 499 4248 λέξιν
540 4184 631 4253 (=
664 4187 806 4241 κατὰ
839 4186 1053 4257 κόμμα,
1094 4187 1159 4241 ef.
1196 4183 1500 4254 exemplum
1532 4182 1685 4238 Dem.
1728 4204 1784 4238 π.
1822 4200 1973 4253 στεφ.
2008 4200 2060 4251 Ρ.
2083 4189 2203 4251 315,
2241 4188 2271 4236 7
2309 4183 2399 4256 R.;
2435 4183 2719 4250 ἐδίδασκες

351 4266 457 4339 γὰρ
492 4268 806 4340 γράμματα,
843 4271 946 4341 ἐγώ
982 4270 1038 4325 δ’
1061 4270 1341 4341 ἐφοίτων).
1412 4269 1659 4323 Ceterum
1694 4269 1963 4324 Ciceronis
1981 4268 2116 4323 -11116
2151 4271 2390 4337 spectant
2426 4272 2720 4340 ‘contrariis

352 4354 517 4411 relata
552 4357 842 4413 contraria’.
