3125 4867
297 558 429 631 δίας
474 553 750 637 ποιητὴς,
810 552 884 620 ὃν
928 552 965 636 ἡ
1012 557 1297 641 κωμῳδία
1343 552 1536 633 σοφόν
1581 580 1641 618 τε
1680 557 1784 619 καὶ
1827 563 2141 637 καλλιοεπῆ
2188 541 2662 638 οἶδε’-πολλαχοῦ

288 667 407 722 τῶν
452 656 686 740 ἰάμβων
724 654 1060 743 γοργιᾶζειὶ
1150 662 1434 723 Ceterum
1477 662 1687 723 videas
1731 664 1889 741 quod
1932 664 2146 724 Platon
2178 664 2590 743 Symp.198
2598 661 2662 721 C.
2753 711 2760 718 .

289 767 592 827 Socratem
651 770 1084 826 memorantem
1145 766 1288 827 facit
1351 765 1428 826 de
1484 767 1831 887 Agathone:
1900 764 2021 841 καὶ
2086 761 2202 847 γάρ
2270 788 2341 845 με
2404 763 2730 846 Γοργίοῆ)

288 862 319 927 ὃ
351 862 523 949 λόγος
557 861 962 948 (Ἀγάθωνος)
997 862 1454 952 ἀνεμίμνῃσκεν,
1500 863 1636 928 ὥστ’
1695 862 1949 947 ἀτεχνῶς
1992 863 2055 929 τὸ
2088 873 2191 930 τοῦ
2213 864 2481 949 Ὀμήρου
2528 866 2657 929 ἕπε·
2732 852 2769 883 “

291 966 528 1048 πόνθη·
583 965 934 1049 ἐφοβούμην
963 966 1044 1049 μή
1076 994 1179 1049 μοι
1208 974 1485 1032 τελευτῶν
1530 994 1562 1032 ο
1600 965 1889 1053 Ἀγάθων
1923 972 2179 1052 Γοργίου
2224 969 2496 1052 κεφαλὴν
2544 973 2658 1032 δει-

291 1079 401 1136 νοῦ
447 1073 634 1155 λέγειν
691 1072 788 1134 ἐπὶ
842 1068 942 1134 τὸν
1000 1066 1144 1152 ἔμον
1189 1068 1364 1156 λόγον
1407 1072 1652 1153 πέμψας
1712 1068 1896 1135 αὐτόν
1941 1097 2012 1156 με
2063 1075 2242 1136 λίθον
2286 1079 2357 1159 τῇ
2419 1070 2662 1159 ἀφωνίᾳ
2725 1087 2733 1092 “

292 1172 630 1257 ποιήσειεν’.
719 1178 1200 1238 Consentaneum
1262 1178 1451 1255 igitur
1535 1182 1661 1254 est,
1735 1182 1894 1239 artes
1949 1179 2241 1257 poeticam
2295 1185 2357 1240 et
2413 1181 2662 1241 rhetori-

294 1301 425 1342 cam
469 1301 539 1342 ea
582 1283 809 1342 ratione
853 1299 1114 1341 conexas
1158 1299 1293 1341 esse
1338 1281 1500 1342 inter
1537 1294 1610 1342 se
1629 1328 1643 1354 ,
1706 1287 1774 1342 ut
1816 1300 1955 1343 cum
1997 1299 2093 1343 ars
2135 1283 2367 1359 poetica
2424 1283 2500 1342 ad
2541 1283 2662 1360 pri-

293 1386 518 1447 mordia
577 1386 720 1445 artis
774 1385 1103 1445 rhetoricae
1163 1385 1423 1446 maxime
1480 1386 1769 1460 valuerit,
1830 1389 1962 1469 tum
2004 1404 2099 1445 ars
2142 1387 2434 1447 rhetorica
2491 1387 2662 1463 inge-

296 1490 465 1549 niose
511 1490 750 1549 exculta
779 1488 1169 1566 celeriterque
1212 1489 1415 1548 adulta
1456 1489 1600 1549 inde
1646 1507 1769 1549 non
1812 1508 1992 1566 parvo
2035 1494 2335 1550 momento
2378 1489 2559 1550 fuerit
2587 1490 2663 1549 ad

296 1597 484 1653 artem
527 1592 834 1670 poeticam.
922 1591 1005 1650 Ut
1030 1596 1231 1651 autem
1273 1592 1492 1658 arctius
1536 1593 1705 1654 illam
1747 1593 2260 1656 necessitudinem
2302 1593 2661 1654 describam:

299 1696 617 1775 praecipue
677 1695 1040 1773 conspicitur
1097 1714 1167 1755 ea
1231 1694 1299 1754 in
1354 1696 1468 1755 lezi
1522 1697 1651 1757 sive
1711 1696 2043 1758 elocutione
2085 1694 2216 1775 -(cf.
2271 1698 2449 1758 Arist.
2503 1699 2545 1770 lv.
2583 1694 2665 1773 L),

297 1800 469 1861 cuius
513 1799 810 1859 ornandae
838 1799 1133 1860 rationem
1176 1817 1286 1876 per
1311 1799 1533 1877 primos
1563 1804 1821 1860 oratores
1850 1819 1887 1859 a
1914 1801 2105 1877 poetis
2144 1801 2457 1878 repetitam
2485 1806 2662 1879 atque

301 1904 583 1963 0001111110
626 1902 703 1961 ad
745 1908 935 1962 artem
978 1902 1280 1962 redactam
1320 1906 1528 1979 poetae
1573 1907 1780 1980 postea
1822 1904 1896 1962 ab
1938 1904 2089 1980 ipsis
2116 1904 2453 1964 rhetoribus
2495 1924 2665 1982 repe-

298 2007 566 2066 tiverunt
608 2011 806 2083 atque,
850 2005 1346 2086 quemadmodum
1373 2006 1618 2065 illorum
1645 2006 1975 2083 praeceptis
2018 2006 2132 2065 fuit
2161 2011 2349 2082 aucta,
2391 2007 2459 2066 in
2488 2026 2664 2066 suum

300 2128 477 2169 usum
536 2109 1005 2169 vindicaverunt.
1114 2108 1375 2170 Maxime
1438 2110 1552 2169 hoc
1616 2109 1878 2186 pertinet
1941 2109 2017 2168 ad
2079 2114 2285 2186 poetas
2344 2110 2663 2185 scaenicos

300 2213 553 2291 quibuS,
618 2217 688 2272 ut
728 2229 903 2272 aures
946 2212 1320 2272 audientium
1362 2212 1717 2272 elocutionis
1761 2212 2161 2273 concinnitate
2206 2213 2665 2288 delectarentur,

301 2335 493 2395 aeque
561 2334 736 2376 curae
804 2316 920 2375 fuit
983 2320 1163 2394 atque
1223 2316 1564 2376 oratoribus·
1663 2315 2066 2393 Romanorum
2119 2315 2365 2393 quidem
2428 2320 2667 2377 veteres
2688 2294 2702 2303 ⁹

300 2425 510 2497 poetae
553 2420 813 2480 scaenici
853 2420 939 2479 ita
980 2421 1284 2480 rhetorum
1325 2423 1641 2497 praecepta
1682 2419 1987 2498 persecuti
2027 2424 2197 2496 sunt,
2262 2424 2331 2480 ut
2383 2438 2501 2497 qua
2553 2420 2668 2480 fuit

305 2523 568 2582 novitate
633 2522 794 2600 apud
857 2523 1153 2583 Romanos
1218 2540 1365 2583 usus
1443 2523 1796 2585 elocutionis
1861 2523 2273 2599 exornandae,
2345 2524 2696 2584 nonnullas

303 2628 524 2701 figuras
566 2625 692 2685 fere
737 2624 1054 2685 immodice
1098 2625 1494 2685 adhibuerint.

396 2757 410 2792 s
481 2729 677 2805 Atque
732 2729 890 2787 hanc
944 2726 1405 2804 disputationem
1457 2746 1593 2788 esse
1646 2728 1779 2788 volo
1834 2728 1910 2788 de
1955 2734 2227 2789 veterum
2269 2720 2668 2788 Romanorum

304 2837 610 2909 poetarum
675 2848 791 2890 usu
840 2847 1303 2907 Ρανοφηοοοςοος.
1390 2828 1527 2890 Non
1586 2836 1783 2891 autem
1825 2830 1889 2889 id
1932 2821 2071 2907 ago,
2136 2836 2205 2891 ut
2247 2831 2666 2905 demonstrem,

305 2954 483 3013 quam
527 2952 707 3012 saepe
751 2934 853 2995 vel
897 2935 1100 2994 crebro
1152 2933 1247 2992 illi
1289 2938 1497 3011 poetae
1542 2934 1736 2994 varias
1778 2952 2223 3011 paromoeoseos
2266 2935 2523 2995 rationes
2566 2936 2667 2994 ad-

305 3037 627 3114 hibuerint,
669 3037 784 3098 etsi
827 3037 902 3097 de
930 3038 1043 3097 hac
1071 3055 1137 3097 re
1166 3036 1419 3097 strictim
1450 3037 1769 3117 adnotab03
1815 3037 1926 3098 sed
1955 3056 2194 3098 omnem
2223 3056 2461 3115 operam
2490 3027 2667 3118 atque

305 3133 507 3202 curam
550 3141 851 3202 conferam
893 3140 960 3200 in
1003 3127 1196 3201 certas
1238 3127 1419 3200 huius
1463 3158 1610 3202 usus
1652 3159 1888 3202 normas
1931 3142 2391 3204 constituendas,
2477 3141 2668 3217 Quae-

302 3251 467 3306 retur
523 3246 736 3321 igitur,
802 3263 949 3303 num
1005 3262 1446 3322 paromoeoseos
1510 3244 1578 3304 in
1639 3245 1896 3305 thesibus
1960 3246 2357 3307 conlocandae
2417 3247 2668 3307 eandem

303 3354 512 3436 poetae
556 3333 861 3409 consecuti
922 3347 1045 3408 sint
1088 3348 1496 3442 frequentiam
1538 3337 1718 3426 atque
1773 3349 1840 3407 in
1882 3349 2149 3427 ανθῶαςς
2214 3354 2415 3409 11111110
2458 3367 2667 3411 omnes
2768 3354 2773 3365 “

306 3452 494 3530 pedes
539 3469 869 3528 omnesque
929 3468 1094 3511 arses
1137 3470 1349 3529 parem
1391 3452 1546 3511 inter
1588 3470 1650 3511 se
1693 3450 1897 3511 habere
1937 3452 2062 3512 vim
2116 3453 2414 3513 voluerint
2456 3471 2667 3514 necne.

483 3554 604 3615 Sed
648 3559 716 3613 ut
758 3554 940 3614 totius
984 3541 1335 3633 disciplinae
1393 3555 1631 3615 firmum
1691 3559 1946 3633 ponatur
1986 3543 2475 3631 fundamentum,
2539 3556 2670 3635 ipsa

307 3678 385 3719 ex
429 3658 536 3717 illa
596 3658 672 3717 de
714 3676 832 3735 qua
875 3658 1130 3735 cogitavi
1186 3664 1491 3735 poetarum
1549 3664 1613 3719 et
1654 3660 1960 3720 rhetorum
2018 3660 2189 3744 quasi
2230 3660 2668 3738 propinquitate

308 3766 566 3839 apparet,
611 3761 752 3821 huic
782 3761 1170 3839 disputationi
1212 3762 1452 3822 initium
1482 3762 1826 3823 ducendum
1847 3781 1981 3824 esse
2021 3781 2061 3822 a
2087 3770 2344 3823 veterwm
2370 3762 2671 3822 rhetorwm

301 3864 639 3942 praeceptis.
728 3867 925 3942 Atque
979 3869 1049 3924 ut
1089 3883 1535 3941 paromoeoseos
1593 3867 1747 3927 fines
1802 3870 2092 3943 quantum
2144 3866 2275 3926 fieri
2327 3870 2525 3943 potest
2576 3884 2671 3925 ac-

311 3949 512 4028 curate
572 3968 993 4042 determinem,
1059 3986 1182 4028 non
1236 3968 1430 4029 solum
1484 3955 1679 4029 Varias
1745 3970 1877 4030 eius
1931 3971 2157 4047 figurae
2211 3968 2471 4030 rationes
2484 4014 2499 4045 ,
2563 3968 2672 4029 sed

312 4071 487 4131 etiam
557 4071 941 4131 finitimarum
1005 4076 1074 4131 ut
1136 4073 1528 4150 parecheseos
1594 4075 1655 4133 et
1706 4073 2148 4151 paronomasiae
2200 4076 2377 4151 atque
2433 4071 2673 4132 omnino

314 4175 581 4234 omnium
623 4176 975 4253 figurarum,
1020 4193 1170 4254 quae
1213 4176 1290 4237 ad.
1332 4175 1790 4240 similitudinem
1817 4176 2114 4254 quandam
2158 4182 2220 4237 et
2260 4176 2675 4255 aequalitatem

314 4278 631 4337 verborum
675 4279 777 4339 vel
820 4281 1084 4340 colorum
1126 4284 1414 4358 spectant,
1457 4280 1583 4340 vim
1624 4299 1696 4343 ac
1737 4281 2043 4376 notionem
2086 4299 2166 4342 ex
2194 4280 2497 4343 veteribus
2539 4280 2674 4340 rhe-

312 4379 540 4440 toribus
582 4364 1101 4463 grammaticisque
1144 4384 1457 4446 exhibebo.
