3125 4867
1345 288 1772 352 2-39-

558 464 820 526 Possum
863 481 943 524 ex
985 463 1289 523 voluntate
1333 468 1642 542 poetarum
1686 481 1821 523 esse
1865 463 2063 523 omnia
2108 482 2195 535 ea,
2239 481 2393 539 quae
2433 464 2742 523 eontinen-

384 570 482 624 tur
524 566 926 640 substantiviS,
971 565 1299 640 adjectivis,
1343 566 1561 640 verbis,
1606 566 1902 627 adverbiis
1933 566 2162 626 varium
2207 566 2272 624 in
2315 566 2557 626 modum
2586 566 2746 626 inter

384 686 450 728 se
487 669 838 728 coniunctis
924 669 999 727 In
1058 669 1154 729 1118
1200 669 1462 746 profecto
1518 669 1708 728 multa
1772 674 1913 729 sunt
1976 687 2128 746 quae
2180 669 2330 728 forte
2390 673 2531 729 sunt
2574 670 2741 728 facta.

381 753 706 848 Praecipue
750 775 965 831 autema
994 773 1206 846 omnia,
1251 791 1402 849 quae
1430 789 1608 832 usum
1646 772 2007 831 cotidianum
2034 771 2321 845 redolent,
2365 772 2579 831 idonea
2621 789 2743 830 non

381 878 553 948 sunt,
620 892 696 934 ex
740 873 956 951 quibus
1013 892 1110 934 ars
1153 880 1458 952 poetarum
1515 879 1922 952 cognoscatur.
2010 873 2090 933 Ut
2145 893 2216 933 ea
2259 891 2410 951 quae
2451 874 2743 949 formulae

378 977 642 1053 speciem
684 976 1047 1051 ostendunt,
1112 995 1234 1037 non
1288 971 1489 1038 minus
1556 978 1925 1038 substantiva
1988 994 2125 1044 cum
2178 977 2454 1053 epithetis
2509 976 2741 1036 usitatis

380 1079 726 1142 coniuncta:
771 1095 933 1139 mare
975 1098 1276 1157 magnum,
1320 1099 1576 1157 magnus
1619 1097 1808 1155 mons,
1850 1097 2136 1156 magnum
2177 1080 2431 1153 malum,
2490 1097 2740 1155 magnae

379 1182 669 1257 miseriae,
713 1177 971 1243 calidum
1002 1182 1336 1259 consilium,
1379 1185 1548 1243 firma
1590 1183 1770 1261 fides3
1802 1201 1979 1261 quam
2008 1184 2190 1243 verba
2229 1182 2610 1242 translatioiis
2639 1182 2739 1241 ad-

378 1285 599 1345 verbiis
641 1286 985 1347 inlustrata:
1029 1304 1213 1364 perge
1256 1305 1446 1365 porr0,
1492 1287 1720 1347 dudum
1741 1287 1894 1360 dixi,
1937 1285 2125 1347 ferme
2167 1287 2252 1359 fit,
2295 1303 2507 1362 parum
2534 1285 2737 1362 pudet,
2755 1267 2774 1284 .

377 1390 566 1450 libere
609 1389 792 1467 loqui,
839 1389 1009 1451 docte
1052 1390 1273 1472 dicere,
1315 1408 1599 1467 pessume
1640 1390 1855 1467 perire,
1900 1388 2017 1448 alia
2044 1389 2293 1466 phrases
2323 1388 2738 1465 pervulgatae:

376 1492 547 1552 flocci
590 1491 783 1552 facere
797 1538 812 1568 ,
868 1494 1156 1553 rationem
1199 1493 1449 1553 reddere
1463 1538 1478 1568 ,
1544 1492 1811 1552 animum
1854 1489 2199 1566 advertere,
2254 1491 2536 1551 damnum
2579 1490 2737 1565 dare,

377 1597 561 1654 finem
604 1595 816 1670 facere,
860 1596 1082 1657 infitias
1125 1597 1230 1657 ire.
1318 1596 1411 1658 De
1438 1596 1592 1670 aliis,
1636 1594 1918 1672 quoniam
1959 1613 2068 1672 per
2112 1613 2180 1655 se
2225 1613 2345 1653 non
2373 1600 2495 1653 tam
2534 1598 2738 1670 aperta

377 1702 534 1771 sunt,
576 1702 782 1757 tamen
826 1700 1150 1760 eorundem
1192 1700 1353 1775 apud
1393 1699 1590 1762 varios
1632 1702 1902 1759 auctores
1945 1716 2060 1758 usu
2114 1698 2181 1756 in
2224 1697 2490 1757 medium
2533 1702 2737 1756 vocato

381 1799 645 1859 iudicare
676 1800 897 1861 licebit.
956 1801 1037 1861 Ut
1081 1803 1236 1879 Scip.
1282 1802 1434 1878 elog.
1479 1799 1528 1876 Ι,
1575 1805 1629 1862 2.
1661 1801 1728 1860 B.
1776 1800 2047 1861 Gnaivod
2088 1803 2256 1877 patre
2301 1801 2625 1877 prognatus
2651 1834 2732 1843 —

375 1902 544 1962 fortis
599 1905 692 1961 vir
746 1905 1122 1982 sapiensque,
1189 1905 1311 1964 scio
1366 1922 1515 1982 quos
1571 1904 1833 1963 delectat
1889 1905 2338 1966 homoeoarcton
2388 1908 2561 1979 patre
2593 1920 2735 1978 pro-

374 2010 606 2081 gnatus.
693 2006 1028 2066 Formulam
1071 2008 1226 2067 hano
1268 2007 1678 2085 pervulgatam
1720 2007 1909 2066 fuisse
1952 2006 2201 2065 Plautus
2245 2005 2444 2079 docet,
2513 2005 2617 2082 qui
2659 2004 2734 2062 ad

375 2108 666 2184 originem
723 2110 981 2169 hominis
1035 2110 1288 2171 alicuius
1348 2110 1800 2186 significandam
1853 2113 2178 2186 prognatus
2238 2108 2591 2168 vocabulum
2633 2108 2735 2167 vel

374 2228 511 2269 011111
568 2217 736 2287 patre
788 2212 888 2272 vel
947 2231 1085 2272 011111
1139 2231 1360 2289 genere
1425 2213 1526 2272 vel
1578 2231 1717 2273 cum
1773 2217 1962 2272 matre
2004 2209 2231 2288 (matris
2285 2208 2551 2284 nomine)
2596 2227 2734 2268 oon-

373 2312 584 2389 iungit.
651 2313 810 2373 Men.
841 2317 985 2375 408.
1037 2317 1218 2375 1078.
1254 2317 1366 2390 79,
1415 2314 1626 2391 Amph.
1660 2319 1816 2391 6143
1860 2315 2039 2373 Poen.
2068 2313 2144 2388 V,
2175 2317 2250 2389 43
2294 2313 2432 2374 Aul.
2466 2315 2608 2371 212.
2632 2310 2732 2388 G.;

376 2414 540 2492 Capt
589 2415 870 2493 170313‘1.
914 2416 1085 2494 Epid.
1134 2419 1231 2476 32.
1263 2416 1361 2476 G.:

374 2568 512 2629 Non
555 2587 667 2646 ego
709 2575 770 2630 te
815 2573 956 2630 novi
998 2517 1451 2631 Menaechmum
1495 2570 1742 2632 Moscho
1784 2573 2142 2648 prognatum
2185 2575 2364 2645 patre.

375 2672 518 2733 Tfi's
560 2673 1023 2735 Menaechmus?
1066 2708 1148 2717 --
1192 2674 1301 2734 Me*
1337 2692 1471 2735 esse
1515 2674 1665 2748 (1100,
1709 2674 1953 2734 Μό80110
1994 2675 2351 2750 prognatum
2393 2677 2576 2749 patre.
2608 2704 2691 2712 —-

373 2776 507 2835 Tun
550 2795 684 2837 meo
734 2778 954 2854 patre’s
995 2783 1320 2855 prognatus
1333 2781 1365 2837 *Ρ
1413 2810 1485 2820 -
1536 2773 1770 2836 'Immo-
1788 2777 2087 2855 equidem,
2130 2776 2487 2836 adulescens
2529 2793 2678 2838 me0.

371 2879 539 2966 Davo
583 2884 939 2957 prognatum
980 2886 1146 2958 patre
1192 2882 1418 2955 eodem,
1463 2900 1580 2958 quo
1626 2883 1739 2956 ego
1769 2899 1919 2954 sum,
1963 2880 2150 2939 forma
2178 2881 2368 2938 aetate
2410 2881 2572 2937 item.

371 2980 509 3038 Non
552 2999 623 3040 eo
667 3000 874 3041 sumus
917 2986 1239 3059 prognatae
1286 3002 1526 3059 genere,
1570 2983 1809 3042 tametsi
1851 3000 2059 3041 sumus
2103 2983 2312 3041 servae
2356 2998 2533 3039 soror.

372 3082 486 3142 Dic
528 3083 678 3140 mihi
720 3084 883 3159 quali
925 3103 1022 3143 me
1068 3085 1351 3144 arbitrare
1393 3087 1618 3160 genere
1662 3085 2056 3161 prognatum?
2101 3116 2184 3126 —-
2228 3083 2410 3141 Bon0.

371 3185 736 3261 Prognatum
780 3203 1001 3261 genere
1045 3185 1276 3245 sfiinmo
1321 3190 1383 3245 et
1426 3186 1675 3245 summis
1720 3185 1901 3244 ditiis.

373 3287 836 3348 Travolavert‘mt
877 3287 953 3347 ad
995 3289 1214 3348 hostes.
1304 3286 1457 3347 Tum
1499 3287 1608 3347 ille
1650 3290 1976 3365 prognatus
2021 3284 2212 3345 Theti.

541 3459 629 3519 Of.
674 3460 887 3537 Amph.
935 3461 1056 3521 651
1124 3463 1193 3544 et-
1238 3458 1393 3518 illud
1446 3457 1790 3518 Ennianum
1846 3476 1882 3516 a
1933 3456 1970 3516 J
1970 3438 2188 3516 ordano
2244 3454 2548 3515 laudatum
2591 3474 2727 3514 ann.

375 3567 473 3623 38.
519 3562 623 3621 V.:
736 3567 743 3574 '

752 3682 829 3741 Et
872 3681 1065 3759 patria
1106 3685 1171 3741 et
1212 3681 1487 3758 prognati
1528 3677 1800 3740 tutantur
1842 3682 2171 3740 servantur.

748 3784 1048 3844 Eurudica
1081 3788 1393 3861 prognata,
1425 3789 1601 3861 pater
1642 3802 1821 3861 quam
1865 3788 2067 3844 noster
2108 3781 2344 3842 amavit.

542 3956 698 4033 Scip.
744 3956 817 4015 el.
868 3955 981 4030 ΠΙ,
1041 3961 1110 4017 7.
1126 3955 1195 4030 Β,
1238 3955 1343 4015 ubi
1385 3973 1523 4016 cum
1569 3955 1810 4016 nomine
1854 3955 2039 4032 patris
2085 3959 2276 4029 extat,
2343 3973 2379 4013 a
2421 3953 2729 4013 Bartschio

373 4059 668 4136 prolatum
712 4063 803 4119 est
844 4077 900 4136 p.
948 4062 1054 4118 29:

786 4212 985 4287 Terra,
1028 4213 1223 4287 Publi,
1256 4214 1621 4289 prognatum
1665 4244 1748 4254 -
1795 4210 2014 4271 Publio
2059 4208 2315 4271 Corneli.
