<?xml version="1.0" encoding="UTF-8"?>
<!DOCTYPE html PUBLIC "-//W3C//DTD XHTML 1.0 Transitional//EN"
    "http://www.w3.org/TR/xhtml1/DTD/xhtml1-transitional.dtd">
<html xmlns="http://www.w3.org/1999/xhtml" xml:lang="en" lang="en">
 <head>
  <title>
</title>
<meta http-equiv="Content-Type" content="text/html;charset=utf-8" />
  <meta name='ocr-system' content='tesseract 3.04.00' />
  <meta name='ocr-capabilities' content='ocr_page ocr_carea ocr_par ocr_line ocrx_word'/>
</head>
<body>
  <div class='ocr_page' id='page_1' title='image "./deparomoeoseosa01buchgoog_0014.png"; bbox 0 0 3125 4867; ppageno 0'>
   <div class='ocr_carea' id='block_1_1' title="bbox 322 475 2698 2637">
    <p class='ocr_par' dir='ltr' id='par_1_1' title="bbox 322 475 2698 2637">
     <span class='ocr_line' id='line_1_1' title="bbox 330 475 2696 574; baseline 0.001 -21"><span class='ocrx_word' id='word_1_1' title='bbox 330 508 456 571; x_wconf 83' lang='grc' dir='ltr'><strong><em>ροις</em></strong></span> <span class='ocrx_word' id='word_1_2' title='bbox 499 486 811 566; x_wconf 81' lang='grc' dir='ltr'><strong><em>τοιούτοις,</em></strong></span> <span class='ocrx_word' id='word_1_3' title='bbox 868 487 906 552; x_wconf 72' lang='grc' dir='ltr'>ἃ</span> <span class='ocrx_word' id='word_1_4' title='bbox 963 487 1088 554; x_wconf 87' lang='grc' dir='ltr'><strong><em>τότε</em></strong></span> <span class='ocrx_word' id='word_1_5' title='bbox 1141 489 1248 571; x_wconf 79' lang='grc' dir='ltr'><em>μὲν</em></span> <span class='ocrx_word' id='word_1_6' title='bbox 1302 486 1400 551; x_wconf 79' lang='grc' dir='ltr'><strong>διὰ</strong></span> <span class='ocrx_word' id='word_1_7' title='bbox 1431 489 1495 553; x_wconf 90' lang='grc' dir='ltr'>τό</span> <span class='ocrx_word' id='word_1_8' title='bbox 1549 491 1777 566; x_wconf 79' lang='grc' dir='ltr'><em>ξένον</em></span> <span class='ocrx_word' id='word_1_9' title='bbox 1821 497 1954 572; x_wconf 60' lang='grc' dir='ltr'><strong>τῆς,</strong></span> <span class='ocrx_word' id='word_1_10' title='bbox 1989 499 2359 573; x_wconf 77' lang='grc' dir='ltr'><em>κατασκευῆς</em></span> <span class='ocrx_word' id='word_1_11' title='bbox 2392 475 2696 574; x_wconf 61' lang='grc' dir='ltr'><strong><em>ἆττοδοχῆς</em></strong></span> 
     </span>
     <span class='ocr_line' id='line_1_2' title="bbox 332 585 2697 676; baseline 0.003 -22"><span class='ocrx_word' id='word_1_12' title='bbox 332 590 604 671; x_wconf 81' lang='grc' dir='ltr'><strong><em>ἠξιοῦντο</em></strong></span> <span class='ocrx_word' id='word_1_13' title='bbox 632 641 644 654; x_wconf 94' lang='grc'><strong>.</strong></span> <span class='ocrx_word' id='word_1_14' title='bbox 671 585 683 653; x_wconf 65' lang='grc' dir='ltr'><strong>ζ</strong></span> <span class='ocrx_word' id='word_1_15' title='bbox 710 596 741 655; x_wconf 87' lang='grc'><strong>.’</strong></span> <span class='ocrx_word' id='word_1_16' title='bbox 793 597 993 675; x_wconf 80' lang='lat' dir='ltr'><strong>Atque</strong></span> <span class='ocrx_word' id='word_1_17' title='bbox 1016 596 1237 674; x_wconf 88' lang='lat' dir='ltr'><strong>Aquila</strong></span> <span class='ocrx_word' id='word_1_18' title='bbox 1265 596 1432 658; x_wconf 86' lang='lat' dir='ltr'><strong>Rom.</strong></span> <span class='ocrx_word' id='word_1_19' title='bbox 1470 617 1526 676; x_wconf 89' lang='lat' dir='ltr'><strong>p.</strong></span> <span class='ocrx_word' id='word_1_20' title='bbox 1552 600 1654 673; x_wconf 83' lang='lat'><strong>29,</strong></span> <span class='ocrx_word' id='word_1_21' title='bbox 1679 600 1777 657; x_wconf 81' lang='lat'><strong>23.</strong></span> <span class='ocrx_word' id='word_1_22' title='bbox 1803 597 1878 656; x_wconf 90' lang='grc' dir='ltr'><strong>Η.</strong></span> <span class='ocrx_word' id='word_1_23' title='bbox 1935 601 2096 671; x_wconf 56' lang='lat' dir='ltr'><strong>‘sunt</strong></span> <span class='ocrx_word' id='word_1_24' title='bbox 2113 598 2298 674; x_wconf 86' lang='lat' dir='ltr'><strong>igitur</strong></span> <span class='ocrx_word' id='word_1_25' title='bbox 2329 601 2555 676; x_wconf 89' lang='lat' dir='ltr'><strong>figurae</strong></span> <span class='ocrx_word' id='word_1_26' title='bbox 2576 601 2697 661; x_wconf 91' lang='lat' dir='ltr'><strong>elo-</strong></span> 
     </span>
     <span class='ocr_line' id='line_1_3' title="bbox 329 699 2698 778; baseline 0.003 -20"><span class='ocrx_word' id='word_1_27' title='bbox 329 699 583 759; x_wconf 85' lang='lat' dir='ltr'><strong>cutionis</strong></span> <span class='ocrx_word' id='word_1_28' title='bbox 627 699 780 760; x_wconf 87' lang='lat' dir='ltr'><strong>aliae</strong></span> <span class='ocrx_word' id='word_1_29' title='bbox 825 699 902 758; x_wconf 88' lang='lat' dir='ltr'><strong>ad</strong></span> <span class='ocrx_word' id='word_1_30' title='bbox 930 700 1260 763; x_wconf 86' lang='lat' dir='ltr'><strong>ornandum</strong></span> <span class='ocrx_word' id='word_1_31' title='bbox 1290 704 1525 760; x_wconf 86' lang='lat' dir='ltr'><strong>tantum</strong></span> <span class='ocrx_word' id='word_1_32' title='bbox 1573 705 1633 761; x_wconf 88' lang='lat' dir='ltr'><strong>et</strong></span> <span class='ocrx_word' id='word_1_33' title='bbox 1665 700 1835 778; x_wconf 82' lang='lat' dir='ltr'><strong>quasi</strong></span> <span class='ocrx_word' id='word_1_34' title='bbox 1870 700 1947 759; x_wconf 88' lang='lat' dir='ltr'><strong>ad</strong></span> <span class='ocrx_word' id='word_1_35' title='bbox 1974 700 2338 778; x_wconf 79' lang='lat' dir='ltr'>pingendam</span> <span class='ocrx_word' id='word_1_36' title='bbox 2373 704 2698 764; x_wconf 90' lang='lat' dir='ltr'><strong>orationem</strong></span> 
     </span>
     <span class='ocr_line' id='line_1_4' title="bbox 328 799 2698 880; baseline 0.002 -19"><span class='ocrx_word' id='word_1_37' title='bbox 328 799 764 863; x_wconf 83' lang='lat' dir='ltr'><strong>accomodatae:</strong></span> <span class='ocrx_word' id='word_1_38' title='bbox 831 803 1047 879; x_wconf 73' lang='lat' dir='ltr'><strong>quibus</strong></span> <span class='ocrx_word' id='word_1_39' title='bbox 1084 804 1358 880; x_wconf 75' lang='lat' dir='ltr'><strong>primeps</strong></span> <span class='ocrx_word' id='word_1_40' title='bbox 1411 804 1665 879; x_wconf 71' lang='lat' dir='ltr'><strong>Gorqias</strong></span> <span class='ocrx_word' id='word_1_41' title='bbox 1707 804 2043 862; x_wconf 73' lang='lat' dir='ltr'><em>Leontinus</em></span> <span class='ocrx_word' id='word_1_42' title='bbox 2094 823 2247 864; x_wconf 76' lang='lat' dir='ltr'><strong>usus</strong></span> <span class='ocrx_word' id='word_1_43' title='bbox 2288 812 2376 865; x_wconf 74' lang='lat' dir='ltr'><strong>est</strong></span> <span class='ocrx_word' id='word_1_44' title='bbox 2418 806 2525 867; x_wconf 84' lang='lat' dir='ltr'><strong>sed</strong></span> <span class='ocrx_word' id='word_1_45' title='bbox 2568 807 2698 867; x_wconf 90' lang='lat' dir='ltr'><strong>sine</strong></span> 
     </span>
     <span class='ocr_line' id='line_1_5' title="bbox 328 904 2697 984; baseline 0.003 -21"><span class='ocrx_word' id='word_1_46' title='bbox 328 905 534 964; x_wconf 88' lang='lat' dir='ltr'><strong>modo&#39;.</strong></span> <span class='ocrx_word' id='word_1_47' title='bbox 625 904 793 979; x_wconf 84' lang='lat' dir='ltr'><strong>Quod</strong></span> <span class='ocrx_word' id='word_1_48' title='bbox 838 906 891 965; x_wconf 88' lang='lat' dir='ltr'><strong>si</strong></span> <span class='ocrx_word' id='word_1_49' title='bbox 938 906 1143 967; x_wconf 85' lang='lat' dir='ltr'><strong>Cicero</strong></span> <span class='ocrx_word' id='word_1_50' title='bbox 1187 924 1271 966; x_wconf 87' lang='lat' dir='ltr'><strong>or.</strong></span> <span class='ocrx_word' id='word_1_51' title='bbox 1319 906 1458 981; x_wconf 86' lang='lat' dir='ltr'>XII,</span> <span class='ocrx_word' id='word_1_52' title='bbox 1506 910 1606 981; x_wconf 86' lang='lat'><strong>39,</strong></span> <span class='ocrx_word' id='word_1_53' title='bbox 1663 910 1901 983; x_wconf 87' lang='lat' dir='ltr'><strong>praeter</strong></span> <span class='ocrx_word' id='word_1_54' title='bbox 1946 905 2224 984; x_wconf 74' lang='lat' dir='ltr'><strong>Gorgiam</strong></span> <span class='ocrx_word' id='word_1_55' title='bbox 2278 909 2459 969; x_wconf 84' lang='lat' dir='ltr'><strong>etiam</strong></span> <span class='ocrx_word' id='word_1_56' title='bbox 2513 909 2697 971; x_wconf 81' lang='lat' dir='ltr'><strong>Thra·-</strong></span> 
     </span>
     <span class='ocr_line' id='line_1_6' title="bbox 330 1008 2697 1089; baseline 0.003 -23"><span class='ocrx_word' id='word_1_57' title='bbox 330 1008 703 1084; x_wconf 81' lang='lat' dir='ltr'><strong>symachum-</strong></span> <span class='ocrx_word' id='word_1_58' title='bbox 744 1009 812 1068; x_wconf 89' lang='lat' dir='ltr'><strong>in</strong></span> <span class='ocrx_word' id='word_1_59' title='bbox 868 1010 980 1069; x_wconf 86' lang='lat' dir='ltr'><strong>hac</strong></span> <span class='ocrx_word' id='word_1_60' title='bbox 1038 1027 1104 1068; x_wconf 88' lang='lat' dir='ltr'><strong>re</strong></span> <span class='ocrx_word' id='word_1_61' title='bbox 1160 1010 1418 1087; x_wconf 83' lang='lat' dir='ltr'><strong>primum</strong></span> <span class='ocrx_word' id='word_1_62' title='bbox 1470 1014 1773 1069; x_wconf 87' lang='lat' dir='ltr'><strong>versatum</strong></span> <span class='ocrx_word' id='word_1_63' title='bbox 1829 1027 1962 1069; x_wconf 83' lang='lat' dir='ltr'><strong>esse</strong></span> <span class='ocrx_word' id='word_1_64' title='bbox 2004 1016 2321 1073; x_wconf 79' lang='lat' dir='ltr'><strong>memorat:</strong></span> <span class='ocrx_word' id='word_1_65' title='bbox 2388 1013 2557 1085; x_wconf 51' lang='lat' dir='ltr'><strong>‘haec</strong></span> <span class='ocrx_word' id='word_1_66' title='bbox 2600 1011 2697 1089; x_wconf 88' lang='lat' dir='ltr'><strong>(ad</strong></span> 
     </span>
     <span class='ocr_line' id='line_1_7' title="bbox 327 1109 2696 1190; baseline 0.003 -21"><span class='ocrx_word' id='word_1_67' title='bbox 327 1112 690 1189; x_wconf 83' lang='lat' dir='ltr'><strong>voluptatem</strong></span> <span class='ocrx_word' id='word_1_68' title='bbox 730 1113 965 1172; x_wconf 88' lang='lat' dir='ltr'><strong>aurium</strong></span> <span class='ocrx_word' id='word_1_69' title='bbox 999 1109 1297 1173; x_wconf 84' lang='lat' dir='ltr'><strong>scribendi</strong></span> <span class='ocrx_word' id='word_1_70' title='bbox 1327 1109 1544 1190; x_wconf 88' lang='lat' dir='ltr'><strong>genus)</strong></span> <span class='ocrx_word' id='word_1_71' title='bbox 1586 1116 1872 1174; x_wconf 78' lang='lat' dir='ltr'><strong>tractasse</strong></span> <span class='ocrx_word' id='word_1_72' title='bbox 1901 1112 2410 1189; x_wconf 71' lang='lat' dir='ltr'><strong>Thrasymachum</strong></span> <span class='ocrx_word' id='word_1_73' title='bbox 2450 1116 2696 1177; x_wconf 87' lang='lat' dir='ltr'><strong>Calche-</strong></span> 
     </span>
     <span class='ocr_line' id='line_1_8' title="bbox 326 1199 2696 1295; baseline 0.003 -21"><span class='ocrx_word' id='word_1_74' title='bbox 326 1216 573 1275; x_wconf 86' lang='lat' dir='ltr'><strong>donium</strong></span> <span class='ocrx_word' id='word_1_75' title='bbox 614 1216 875 1294; x_wconf 80' lang='lat' dir='ltr'><strong>primum</strong></span> <span class='ocrx_word' id='word_1_76' title='bbox 917 1221 978 1276; x_wconf 91' lang='lat' dir='ltr'><strong>et</strong></span> <span class='ocrx_word' id='word_1_77' title='bbox 1019 1215 1383 1276; x_wconf 79' lang='lat' dir='ltr'><strong>Leontinum</strong></span> <span class='ocrx_word' id='word_1_78' title='bbox 1425 1216 1629 1277; x_wconf 85' lang='lat' dir='ltr'><strong>ferunt</strong></span> <span class='ocrx_word' id='word_1_79' title='bbox 1658 1215 1955 1293; x_wconf 78' lang='lat' dir='ltr'><strong>Gorgiam,</strong></span> <span class='ocrx_word' id='word_1_80' title='bbox 1998 1199 2373 1292; x_wconf 75' lang='lat' dir='ltr'><strong>Theodorum</strong></span> <span class='ocrx_word' id='word_1_81' title='bbox 2401 1220 2543 1279; x_wconf 88' lang='lat' dir='ltr'><strong>inde</strong></span> <span class='ocrx_word' id='word_1_82' title='bbox 2574 1220 2696 1295; x_wconf 77' lang='lat' dir='ltr'>By·-</span> 
     </span>
     <span class='ocr_line' id='line_1_9' title="bbox 327 1311 2696 1399; baseline 0.002 -22"><span class='ocrx_word' id='word_1_83' title='bbox 327 1319 588 1378; x_wconf 87' lang='lat' dir='ltr'><strong>zantium</strong></span> <span class='ocrx_word' id='word_1_84' title='bbox 641 1321 979 1396; x_wconf 88' lang='lat' dir='ltr'><strong>multosque</strong></span> <span class='ocrx_word' id='word_1_85' title='bbox 1041 1319 1190 1379; x_wconf 67' lang='lat' dir='ltr'><strong>aiios</strong></span> <span class='ocrx_word' id='word_1_86' title='bbox 1255 1337 1404 1398; x_wconf 89' lang='lat' dir='ltr'><strong>quos</strong></span> <span class='ocrx_word' id='word_1_87' title='bbox 1459 1311 1922 1398; x_wconf 80' lang='grc' dir='ltr'><strong>λογοδαιδάλους</strong></span> <span class='ocrx_word' id='word_1_88' title='bbox 1977 1320 2239 1399; x_wconf 83' lang='lat' dir='ltr'><strong>appellat</strong></span> <span class='ocrx_word' id='word_1_89' title='bbox 2301 1322 2368 1381; x_wconf 94' lang='lat' dir='ltr'><strong>in</strong></span> <span class='ocrx_word' id='word_1_90' title='bbox 2424 1322 2696 1383; x_wconf 88' lang='lat' dir='ltr'><strong>Phaedro</strong></span> 
     </span>
     <span class='ocr_line' id='line_1_10' title="bbox 326 1407 2687 1504; baseline 0.002 -22"><span class='ocrx_word' id='word_1_91' title='bbox 326 1422 630 1499; x_wconf 84' lang='lat' dir='ltr'><strong>Socrates&#39;,</strong></span> <span class='ocrx_word' id='word_1_92' title='bbox 673 1424 741 1483; x_wconf 92' lang='lat' dir='ltr'><strong>in</strong></span> <span class='ocrx_word' id='word_1_93' title='bbox 783 1423 879 1483; x_wconf 82' lang='lat' dir='ltr'><strong>his</strong></span> <span class='ocrx_word' id='word_1_94' title='bbox 922 1427 1009 1482; x_wconf 91' lang='lat' dir='ltr'><strong>tot</strong></span> <span class='ocrx_word' id='word_1_95' title='bbox 1051 1423 1354 1500; x_wconf 87' lang='lat' dir='ltr'><strong>tantisque</strong></span> <span class='ocrx_word' id='word_1_96' title='bbox 1396 1422 1788 1498; x_wconf 73' lang='lat' dir='ltr'><strong>testimonii8‚</strong></span> <span class='ocrx_word' id='word_1_97' title='bbox 1854 1423 2072 1501; x_wconf 85' lang='lat' dir='ltr'><strong>quibus</strong></span> <span class='ocrx_word' id='word_1_98' title='bbox 2114 1407 2363 1501; x_wconf 88' lang='lat' dir='ltr'><strong>Gorgias</strong></span> <span class='ocrx_word' id='word_1_99' title='bbox 2403 1426 2687 1504; x_wconf 83' lang='lat' dir='ltr'><strong>princeps</strong></span> 
     </span>
     <span class='ocr_line' id='line_1_11' title="bbox 324 1514 2695 1605; baseline 0.002 -20"><span class='ocrx_word' id='word_1_100' title='bbox 324 1526 467 1586; x_wconf 80' lang='lat' dir='ltr'><strong>artis</strong></span> <span class='ocrx_word' id='word_1_101' title='bbox 521 1526 706 1587; x_wconf 87' lang='lat' dir='ltr'><strong>fuisse</strong></span> <span class='ocrx_word' id='word_1_102' title='bbox 770 1527 1093 1586; x_wconf 80' lang='lat' dir='ltr'><strong>memoriae</strong></span> <span class='ocrx_word' id='word_1_103' title='bbox 1148 1526 1437 1601; x_wconf 52' lang='lat' dir='ltr'><strong>traditum·</strong></span> <span class='ocrx_word' id='word_1_104' title='bbox 1494 1527 1846 1603; x_wconf 85' lang='lat' dir='ltr'><strong>praesertim</strong></span> <span class='ocrx_word' id='word_1_105' title='bbox 1912 1514 2050 1587; x_wconf 88' lang='lat' dir='ltr'><strong>cum</strong></span> <span class='ocrx_word' id='word_1_106' title='bbox 2113 1528 2244 1605; x_wconf 88' lang='lat' dir='ltr'><strong>ipse</strong></span> <span class='ocrx_word' id='word_1_107' title='bbox 2306 1528 2695 1594; x_wconf 59' lang='grc' dir='ltr'><strong>(3166τοῖ3110</strong></span> 
     </span>
     <span class='ocr_line' id='line_1_12' title="bbox 323 1615 2695 1706; baseline 0.003 -19"><span class='ocrx_word' id='word_1_108' title='bbox 323 1630 452 1689; x_wconf 89' lang='lat' dir='ltr'><strong>loco</strong></span> <span class='ocrx_word' id='word_1_109' title='bbox 496 1628 628 1706; x_wconf 68' lang='grc' dir='ltr'><strong>ΕΠ,</strong></span> <span class='ocrx_word' id='word_1_110' title='bbox 678 1630 833 1705; x_wconf 85' lang='lat'>175,</span> <span class='ocrx_word' id='word_1_111' title='bbox 901 1629 1180 1706; x_wconf 78' lang='lat' dir='ltr'><strong>Gorgiam</strong></span> <span class='ocrx_word' id='word_1_112' title='bbox 1234 1629 1611 1690; x_wconf 85' lang='lat' dir='ltr'><strong>inventorem</strong></span> <span class='ocrx_word' id='word_1_113' title='bbox 1666 1615 1813 1689; x_wconf 83' lang='lat' dir='ltr'><strong>artis</strong></span> <span class='ocrx_word' id='word_1_114' title='bbox 1876 1632 2173 1705; x_wconf 86' lang='lat' dir='ltr'><strong>nominet,</strong></span> <span class='ocrx_word' id='word_1_115' title='bbox 2238 1650 2361 1704; x_wconf 87' lang='lat' dir='ltr'><strong>non</strong></span> <span class='ocrx_word' id='word_1_116' title='bbox 2418 1633 2577 1693; x_wconf 88' lang='lat' dir='ltr'><strong>valet</strong></span> <span class='ocrx_word' id='word_1_117' title='bbox 2619 1634 2695 1693; x_wconf 86' lang='lat' dir='ltr'><strong>ad</strong></span> 
     </span>
     <span class='ocr_line' id='line_1_13' title="bbox 325 1731 2694 1811; baseline 0.002 -20"><span class='ocrx_word' id='word_1_118' title='bbox 325 1731 577 1808; x_wconf 82' lang='lat' dir='ltr'><strong>Gorgiae</strong></span> <span class='ocrx_word' id='word_1_119' title='bbox 643 1733 1042 1810; x_wconf 79' lang='lat' dir='ltr'><strong>principatum</strong></span> <span class='ocrx_word' id='word_1_120' title='bbox 1107 1732 1626 1794; x_wconf 73' lang='lat' dir='ltr'><strong>deminuendum.&#39;</strong></span> <span class='ocrx_word' id='word_1_121' title='bbox 1697 1734 1887 1793; x_wconf 88' lang='lat' dir='ltr'><strong>Immo</strong></span> <span class='ocrx_word' id='word_1_122' title='bbox 1953 1753 2095 1795; x_wconf 85' lang='lat' dir='ltr'><strong>vero</strong></span> <span class='ocrx_word' id='word_1_123' title='bbox 2165 1732 2694 1811; x_wconf 81' lang='lat' dir='ltr'><strong>Thrasymachum,</strong></span> 
     </span>
     <span class='ocr_line' id='line_1_14' title="bbox 325 1836 2692 1914; baseline 0.003 -21"><span class='ocrx_word' id='word_1_124' title='bbox 325 1836 430 1913; x_wconf 89' lang='lat' dir='ltr'><strong>qui</strong></span> <span class='ocrx_word' id='word_1_125' title='bbox 471 1840 662 1897; x_wconf 84' lang='lat' dir='ltr'><strong>aetate</strong></span> <span class='ocrx_word' id='word_1_126' title='bbox 708 1836 927 1913; x_wconf 84' lang='lat' dir='ltr'><strong>Gorgia</strong></span> <span class='ocrx_word' id='word_1_127' title='bbox 968 1838 1261 1914; x_wconf 80' lang='lat' dir='ltr'><strong>posterior</strong></span> <span class='ocrx_word' id='word_1_128' title='bbox 1300 1838 1488 1898; x_wconf 83' lang='lat' dir='ltr'><strong>fuisse</strong></span> <span class='ocrx_word' id='word_1_129' title='bbox 1533 1836 1789 1912; x_wconf 81' lang='lat' dir='ltr'><strong>videtur,</strong></span> <span class='ocrx_word' id='word_1_130' title='bbox 1833 1837 1908 1902; x_wconf 84' lang='lat' dir='ltr'><strong>ab</strong></span> <span class='ocrx_word' id='word_1_131' title='bbox 1951 1838 2064 1897; x_wconf 90' lang='lat' dir='ltr'><strong>hoc</strong></span> <span class='ocrx_word' id='word_1_132' title='bbox 2100 1837 2384 1898; x_wconf 76' lang='lat' dir='ltr'><strong>didicisse</strong></span> <span class='ocrx_word' id='word_1_133' title='bbox 2427 1838 2692 1900; x_wconf 84' lang='lat' dir='ltr'><strong>iudicare</strong></span> 
     </span>
     <span class='ocr_line' id='line_1_15' title="bbox 324 1927 2692 2018; baseline 0.002 -21"><span class='ocrx_word' id='word_1_134' title='bbox 324 1938 484 1998; x_wconf 88' lang='lat' dir='ltr'><strong>licet.</strong></span> <span class='ocrx_word' id='word_1_135' title='bbox 574 1927 737 2012; x_wconf 82' lang='lat' dir='ltr'><strong>Quae</strong></span> <span class='ocrx_word' id='word_1_136' title='bbox 779 1958 917 2000; x_wconf 91' lang='lat' dir='ltr'><strong>cum</strong></span> <span class='ocrx_word' id='word_1_137' title='bbox 1003 1941 1088 2001; x_wconf 91' lang='lat' dir='ltr'><strong>ita</strong></span> <span class='ocrx_word' id='word_1_138' title='bbox 1143 1941 1265 2000; x_wconf 89' lang='lat' dir='ltr'><strong>sint</strong></span> <span class='ocrx_word' id='word_1_139' title='bbox 1307 1940 1468 1999; x_wconf 89' lang='lat' dir='ltr'><strong>haud</strong></span> <span class='ocrx_word' id='word_1_140' title='bbox 1525 1940 1704 2016; x_wconf 86' lang='lat' dir='ltr'><strong>plane</strong></span> <span class='ocrx_word' id='word_1_141' title='bbox 1752 1944 2006 2016; x_wconf 86' lang='lat' dir='ltr'><strong>egerunt</strong></span> <span class='ocrx_word' id='word_1_142' title='bbox 2056 1957 2338 2018; x_wconf 87' lang='lat' dir='ltr'><strong>perverse</strong></span> <span class='ocrx_word' id='word_1_143' title='bbox 2382 1940 2692 2016; x_wconf 81' lang='lat' dir='ltr'><strong>DiodoruS,</strong></span> 
     </span>
     <span class='ocr_line' id='line_1_16' title="bbox 322 2031 2693 2124; baseline 0.002 -24"><span class='ocrx_word' id='word_1_144' title='bbox 322 2041 589 2118; x_wconf 82' lang='lat' dir='ltr'><strong>PhotiuS‚</strong></span> <span class='ocrx_word' id='word_1_145' title='bbox 632 2043 982 2104; x_wconf 81' lang='lat' dir='ltr'><strong>scholiastes</strong></span> <span class='ocrx_word' id='word_1_146' title='bbox 1016 2043 1461 2119; x_wconf 77' lang='lat' dir='ltr'><strong>ThucydideuS,</strong></span> <span class='ocrx_word' id='word_1_147' title='bbox 1507 2031 1645 2103; x_wconf 83' lang='lat' dir='ltr'><strong>cum</strong></span> <span class='ocrx_word' id='word_1_148' title='bbox 1672 2044 1837 2120; x_wconf 82' lang='lat' dir='ltr'><strong>paria</strong></span> <span class='ocrx_word' id='word_1_149' title='bbox 1880 2062 1949 2102; x_wconf 88' lang='lat' dir='ltr'><strong>ac</strong></span> <span class='ocrx_word' id='word_1_150' title='bbox 1991 2042 2211 2102; x_wconf 82' lang='lat' dir='ltr'><strong>simssia</strong></span> <span class='ocrx_word' id='word_1_151' title='bbox 2238 2044 2693 2124; x_wconf 84' lang='lat' dir='ltr'><strong>appellaverunt</strong></span> 
     </span>
     <span class='ocr_line' id='line_1_17' title="bbox 322 2142 2690 2234; baseline 0.002 -31"><span class='ocrx_word' id='word_1_152' title='bbox 322 2145 567 2205; x_wconf 89' lang='lat' dir='ltr'><strong>nomine</strong></span> <span class='ocrx_word' id='word_1_153' title='bbox 616 2145 901 2226; x_wconf 81' lang='grc' dir='ltr'><em>Γογιείων</em></span> <span class='ocrx_word' id='word_1_154' title='bbox 933 2142 1260 2224; x_wconf 81' lang='grc' dir='ltr'><em>σχημάτων.</em></span> <span class='ocrx_word' id='word_1_155' title='bbox 1351 2145 1417 2206; x_wconf 84' lang='lat' dir='ltr'><strong>Si</strong></span> <span class='ocrx_word' id='word_1_156' title='bbox 1460 2150 1663 2234; x_wconf 87' lang='lat' dir='ltr'><strong>autem</strong></span> <span class='ocrx_word' id='word_1_157' title='bbox 1690 2146 2032 2224; x_wconf 84' lang='lat' dir='ltr'><strong>quaerimus</strong></span> <span class='ocrx_word' id='word_1_158' title='bbox 2076 2145 2152 2232; x_wconf 86' lang='lat' dir='ltr'><strong>de</strong></span> <span class='ocrx_word' id='word_1_159' title='bbox 2181 2146 2438 2223; x_wconf 85' lang='lat' dir='ltr'><strong>singulis</strong></span> <span class='ocrx_word' id='word_1_160' title='bbox 2482 2149 2690 2225; x_wconf 84' lang='lat' dir='ltr'><strong>figuris</strong></span> 
     </span>
     <span class='ocr_line' id='line_1_18' title="bbox 325 2248 2689 2328; baseline 0.001 -21"><span class='ocrx_word' id='word_1_161' title='bbox 325 2266 477 2325; x_wconf 83' lang='lat' dir='ltr'><strong>quae</strong></span> <span class='ocrx_word' id='word_1_162' title='bbox 519 2248 626 2308; x_wconf 90' lang='lat' dir='ltr'><strong>illo</strong></span> <span class='ocrx_word' id='word_1_163' title='bbox 671 2251 913 2310; x_wconf 89' lang='lat' dir='ltr'><strong>nomine</strong></span> <span class='ocrx_word' id='word_1_164' title='bbox 956 2249 1548 2328; x_wconf 85' lang='lat' dir='ltr'><strong>comprehendantur,</strong></span> <span class='ocrx_word' id='word_1_165' title='bbox 1593 2268 1629 2308; x_wconf 88' lang='lat' dir='ltr'><strong>a</strong></span> <span class='ocrx_word' id='word_1_166' title='bbox 1672 2248 1940 2309; x_wconf 84' lang='lat' dir='ltr'><strong>Diodoro</strong></span> <span class='ocrx_word' id='word_1_167' title='bbox 1973 2248 2221 2325; x_wconf 87' lang='lat' dir='ltr'><strong>Gorgias</strong></span> <span class='ocrx_word' id='word_1_168' title='bbox 2263 2250 2492 2326; x_wconf 86' lang='lat' dir='ltr'><strong>primus</strong></span> <span class='ocrx_word' id='word_1_169' title='bbox 2544 2268 2689 2310; x_wconf 84' lang='lat' dir='ltr'><strong>usus</strong></span> 
     </span>
     <span class='ocr_line' id='line_1_19' title="bbox 325 2349 2690 2431; baseline 0.002 -22"><span class='ocrx_word' id='word_1_170' title='bbox 325 2369 459 2412; x_wconf 85' lang='lat' dir='ltr'><strong>esse</strong></span> <span class='ocrx_word' id='word_1_171' title='bbox 503 2352 720 2412; x_wconf 85' lang='lat' dir='ltr'><strong>dicitur</strong></span> <span class='ocrx_word' id='word_1_172' title='bbox 758 2353 1066 2414; x_wconf 86' lang='lat' dir='ltr'><strong>antithetis</strong></span> <span class='ocrx_word' id='word_1_173' title='bbox 1081 2397 1097 2429; x_wconf 81' lang='lat'>,</span> <span class='ocrx_word' id='word_1_174' title='bbox 1138 2349 1415 2429; x_wconf 78' lang='lat' dir='ltr'><strong>isocoIiS,</strong></span> <span class='ocrx_word' id='word_1_175' title='bbox 1467 2352 1699 2430; x_wconf 79' lang='lat' dir='ltr'><strong>parisiS,</strong></span> <span class='ocrx_word' id='word_1_176' title='bbox 1743 2353 2255 2427; x_wconf 85' lang='lat' dir='ltr'><strong>homoeoteleutis‘,</strong></span> <span class='ocrx_word' id='word_1_177' title='bbox 2298 2353 2465 2431; x_wconf 86' lang='lat' dir='ltr'><strong>aliis3</strong></span> <span class='ocrx_word' id='word_1_178' title='bbox 2509 2359 2690 2431; x_wconf 89' lang='lat' dir='ltr'><strong>atque</strong></span> 
     </span>
     <span class='ocr_line' id='line_1_20' title="bbox 325 2454 2689 2535; baseline 0.001 -22"><span class='ocrx_word' id='word_1_179' title='bbox 325 2454 401 2514; x_wconf 90' lang='lat' dir='ltr'><strong>de</strong></span> <span class='ocrx_word' id='word_1_180' title='bbox 446 2455 676 2515; x_wconf 87' lang='lat' dir='ltr'><strong>eisdem</strong></span> <span class='ocrx_word' id='word_1_181' title='bbox 733 2458 952 2533; x_wconf 88' lang='lat' dir='ltr'><strong>cogitat</strong></span> <span class='ocrx_word' id='word_1_182' title='bbox 997 2456 1232 2534; x_wconf 83' lang='lat' dir='ltr'><strong>Cicer03</strong></span> <span class='ocrx_word' id='word_1_183' title='bbox 1300 2475 1517 2518; x_wconf 85' lang='lat' dir='ltr'><strong>novem</strong></span> <span class='ocrx_word' id='word_1_184' title='bbox 1559 2459 1781 2534; x_wconf 86' lang='lat' dir='ltr'><strong>figuras</strong></span> <span class='ocrx_word' id='word_1_185' title='bbox 1840 2457 2106 2516; x_wconf 89' lang='lat' dir='ltr'><strong>nominat</strong></span> <span class='ocrx_word' id='word_1_186' title='bbox 2150 2456 2364 2517; x_wconf 87' lang='lat' dir='ltr'><strong>Suidas</strong></span> <span class='ocrx_word' id='word_1_187' title='bbox 2382 2501 2397 2532; x_wconf 87' lang='lat'>,</span> <span class='ocrx_word' id='word_1_188' title='bbox 2462 2457 2529 2516; x_wconf 91' lang='lat' dir='ltr'><strong>in</strong></span> <span class='ocrx_word' id='word_1_189' title='bbox 2572 2475 2689 2535; x_wconf 89' lang='lat' dir='ltr'><strong>quo</strong></span> 
     </span>
     <span class='ocr_line' id='line_1_21' title="bbox 324 2552 2687 2637; baseline 0.001 -21"><span class='ocrx_word' id='word_1_190' title='bbox 324 2576 574 2618; x_wconf 91' lang='lat' dir='ltr'><strong>numero</strong></span> <span class='ocrx_word' id='word_1_191' title='bbox 619 2552 1045 2630; x_wconf 83' lang='grc' dir='ltr'><em>ἇναδίπλωσιν,</em></span> <span class='ocrx_word' id='word_1_192' title='bbox 1092 2554 1488 2635; x_wconf 79' lang='grc' dir='ltr'><em>ἐπανάληψιν,</em></span> <span class='ocrx_word' id='word_1_193' title='bbox 1532 2558 1882 2637; x_wconf 79' lang='grc' dir='ltr'><em>παρίσωσιν.</em></span> <span class='ocrx_word' id='word_1_194' title='bbox 1902 2556 1945 2635; x_wconf 91' lang='grc'><strong>1)</strong></span> <span class='ocrx_word' id='word_1_195' title='bbox 2033 2558 2129 2619; x_wconf 82' lang='lat' dir='ltr'><strong>Ex</strong></span> <span class='ocrx_word' id='word_1_196' title='bbox 2170 2559 2502 2635; x_wconf 66' lang='lat' dir='ltr'><strong>Jfragmento</strong></span> <span class='ocrx_word' id='word_1_197' title='bbox 2545 2578 2687 2620; x_wconf 85' lang='lat' dir='ltr'><strong>vero</strong></span> 
     </span>
    </p>
   </div>
   <div class='ocr_carea' id='block_1_2' title="bbox 328 2652 2766 2743">
    <p class='ocr_par' dir='ltr' id='par_1_2' title="bbox 328 2652 2766 2743">
     <span class='ocr_line' id='line_1_22' title="bbox 328 2652 2766 2743; baseline 0.001 -24"><span class='ocrx_word' id='word_1_198' title='bbox 328 2660 598 2735; x_wconf 83' lang='lat' dir='ltr'><strong>encomii,</strong></span> <span class='ocrx_word' id='word_1_199' title='bbox 634 2659 799 2738; x_wconf 42' lang='lat' dir='ltr'><strong>‘quod</strong></span> <span class='ocrx_word' id='word_1_200' title='bbox 841 2661 1015 2722; x_wconf 88' lang='lat' dir='ltr'><strong>Dion.</strong></span> <span class='ocrx_word' id='word_1_201' title='bbox 1060 2652 1267 2728; x_wconf 59' lang='lat' dir='ltr'><strong>Halic,</strong></span> <span class='ocrx_word' id='word_1_202' title='bbox 1300 2658 1383 2735; x_wconf 59' lang='lat' dir='ltr'><strong>‘gv</strong></span> <span class='ocrx_word' id='word_1_203' title='bbox 1428 2664 1507 2743; x_wconf 79' lang='grc' dir='ltr'><strong>τῷ</strong></span> <span class='ocrx_word' id='word_1_204' title='bbox 1553 2659 1806 2743; x_wconf 74' lang='grc' dir='ltr'><strong><em>δευτέρῳ</em></strong></span> <span class='ocrx_word' id='word_1_205' title='bbox 1850 2658 1988 2739; x_wconf 83' lang='grc' dir='ltr'><strong>περὶ</strong></span> <span class='ocrx_word' id='word_1_206' title='bbox 2018 2655 2422 2739; x_wconf 77' lang='grc' dir='ltr'><em>χαρακτήρ·ων’</em></span> <span class='ocrx_word' id='word_1_207' title='bbox 2466 2662 2690 2740; x_wconf 80' lang='lat' dir='ltr'><strong>profert</strong></span> <span class='ocrx_word' id='word_1_208' title='bbox 2751 2663 2766 2671; x_wconf 73' lang='grc'><em>“</em></span> 
     </span>
    </p>
   </div>
   <div class='ocr_carea' id='block_1_3' title="bbox 323 2758 2696 3665">
    <p class='ocr_par' dir='ltr' id='par_1_3' title="bbox 323 2758 2696 3665">
     <span class='ocr_line' id='line_1_23' title="bbox 325 2758 2688 2841; baseline 0.002 -19"><span class='ocrx_word' id='word_1_209' title='bbox 325 2764 483 2840; x_wconf 88' lang='lat' dir='ltr'><strong>apud</strong></span> <span class='ocrx_word' id='word_1_210' title='bbox 526 2763 683 2826; x_wconf 81' lang='lat' dir='ltr'><strong>Max.</strong></span> <span class='ocrx_word' id='word_1_211' title='bbox 728 2765 895 2824; x_wconf 87' lang='lat' dir='ltr'><strong>Plan.</strong></span> <span class='ocrx_word' id='word_1_212' title='bbox 941 2765 1123 2826; x_wconf 88' lang='lat' dir='ltr'><strong>schol.</strong></span> <span class='ocrx_word' id='word_1_213' title='bbox 1181 2765 1257 2824; x_wconf 88' lang='lat' dir='ltr'><strong>ad</strong></span> <span class='ocrx_word' id='word_1_214' title='bbox 1299 2763 1505 2824; x_wconf 89' lang='lat' dir='ltr'><strong>Herm.</strong></span> <span class='ocrx_word' id='word_1_215' title='bbox 1550 2787 1613 2824; x_wconf 84' lang='grc' dir='ltr'><strong>π.</strong></span> <span class='ocrx_word' id='word_1_216' title='bbox 1660 2763 1735 2824; x_wconf 81' lang='grc' dir='ltr'><strong>ἰδ.</strong></span> <span class='ocrx_word' id='word_1_217' title='bbox 1766 2758 1841 2841; x_wconf 85' lang='grc' dir='ltr'><strong>β’.</strong></span> <span class='ocrx_word' id='word_1_218' title='bbox 1884 2782 1941 2841; x_wconf 88' lang='lat' dir='ltr'><strong>p.</strong></span> <span class='ocrx_word' id='word_1_219' title='bbox 1989 2764 2112 2824; x_wconf 83' lang='lat'><strong>548</strong></span> <span class='ocrx_word' id='word_1_220' title='bbox 2157 2781 2283 2841; x_wconf 85' lang='lat' dir='ltr'><strong>sqq.</strong></span> <span class='ocrx_word' id='word_1_221' title='bbox 2329 2763 2422 2823; x_wconf 89' lang='lat' dir='ltr'><strong>W.</strong></span> <span class='ocrx_word' id='word_1_222' title='bbox 2441 2762 2485 2841; x_wconf 81' lang='grc'><strong>2)</strong></span> <span class='ocrx_word' id='word_1_223' title='bbox 2544 2765 2688 2826; x_wconf 88' lang='lat' dir='ltr'><strong>Gor-</strong></span> 
     </span>
     <span class='ocr_line' id='line_1_24' title="bbox 326 2866 2689 2947; baseline 0.002 -22"><span class='ocrx_word' id='word_1_224' title='bbox 326 2866 486 2943; x_wconf 86' lang='lat' dir='ltr'><strong>giam</strong></span> <span class='ocrx_word' id='word_1_225' title='bbox 529 2867 805 2928; x_wconf 87' lang='lat' dir='ltr'><strong>videmus</strong></span> <span class='ocrx_word' id='word_1_226' title='bbox 848 2868 1168 2945; x_wconf 88' lang='lat' dir='ltr'><strong>praecipue</strong></span> <span class='ocrx_word' id='word_1_227' title='bbox 1210 2872 1514 2928; x_wconf 85' lang='lat' dir='ltr'><strong>versatum</strong></span> <span class='ocrx_word' id='word_1_228' title='bbox 1544 2885 1679 2927; x_wconf 89' lang='lat' dir='ltr'><strong>esse</strong></span> <span class='ocrx_word' id='word_1_229' title='bbox 1723 2867 1790 2926; x_wconf 90' lang='lat' dir='ltr'><strong>in</strong></span> <span class='ocrx_word' id='word_1_230' title='bbox 1835 2866 2154 2943; x_wconf 72' lang='lat' dir='ltr'><strong>antithetis,</strong></span> <span class='ocrx_word' id='word_1_231' title='bbox 2197 2868 2415 2945; x_wconf 89' lang='lat' dir='ltr'><strong>quibus</strong></span> <span class='ocrx_word' id='word_1_232' title='bbox 2444 2869 2689 2947; x_wconf 90' lang='lat' dir='ltr'><strong>quidem</strong></span> 
     </span>
     <span class='ocr_line' id='line_1_25' title="bbox 325 2957 2696 3050; baseline 0.001 -21"><span class='ocrx_word' id='word_1_233' title='bbox 325 2971 586 3030; x_wconf 88' lang='lat' dir='ltr'><strong>abundat</strong></span> <span class='ocrx_word' id='word_1_234' title='bbox 613 2971 767 3030; x_wconf 84' lang='lat' dir='ltr'><strong>fflud</strong></span> <span class='ocrx_word' id='word_1_235' title='bbox 799 2972 1226 3048; x_wconf 85' lang='lat' dir='ltr'><strong>fragmentum:</strong></span> <span class='ocrx_word' id='word_1_236' title='bbox 1290 2969 1363 3045; x_wconf 68' lang='grc' dir='ltr'><strong>ιτί</strong></span> <span class='ocrx_word' id='word_1_237' title='bbox 1391 2973 1502 3049; x_wconf 79' lang='grc' dir='ltr'><strong>γὰρ</strong></span> <span class='ocrx_word' id='word_1_238' title='bbox 1550 2964 1713 3048; x_wconf 77' lang='grc' dir='ltr'><em>ἀπῆν</em></span> <span class='ocrx_word' id='word_1_239' title='bbox 1756 2974 1880 3041; x_wconf 85' lang='grc' dir='ltr'><strong><em>τοῖς</em></strong></span> <span class='ocrx_word' id='word_1_240' title='bbox 1912 2963 2170 3050; x_wconf 75' lang='grc' dir='ltr'><em>ἀνδράσι</em></span> <span class='ocrx_word' id='word_1_241' title='bbox 2199 2965 2448 3044; x_wconf 80' lang='grc' dir='ltr'><strong><em>τούτοις,</em></strong></span> <span class='ocrx_word' id='word_1_242' title='bbox 2482 2957 2564 3030; x_wconf 79' lang='grc' dir='ltr'><em>ὧν</em></span> <span class='ocrx_word' id='word_1_243' title='bbox 2599 2971 2696 3032; x_wconf 83' lang='grc' dir='ltr'><strong>δεῖ</strong></span> 
     </span>
     <span class='ocr_line' id='line_1_26' title="bbox 327 3059 2689 3154; baseline 0.003 -24"><span class='ocrx_word' id='word_1_244' title='bbox 327 3066 581 3151; x_wconf 74' lang='grc' dir='ltr'><em>ἀνδράσι</em></span> <span class='ocrx_word' id='word_1_245' title='bbox 625 3079 934 3154; x_wconf 80' lang='grc' dir='ltr'><em>προσεῖναι</em></span> <span class='ocrx_word' id='word_1_246' title='bbox 949 3098 968 3148; x_wconf 88' lang='grc'><strong>,·</strong></span> <span class='ocrx_word' id='word_1_247' title='bbox 1043 3073 1098 3133; x_wconf 83' lang='grc' dir='ltr'><strong>τί</strong></span> <span class='ocrx_word' id='word_1_248' title='bbox 1138 3070 1202 3133; x_wconf 81' lang='grc' dir='ltr'><strong>δὲ</strong></span> <span class='ocrx_word' id='word_1_249' title='bbox 1247 3071 1349 3133; x_wconf 84' lang='grc' dir='ltr'><strong>καὶ</strong></span> <span class='ocrx_word' id='word_1_250' title='bbox 1404 3076 1663 3154; x_wconf 82' lang='grc' dir='ltr'><em>προςῆν,</em></span> <span class='ocrx_word' id='word_1_251' title='bbox 1713 3059 1795 3132; x_wconf 77' lang='grc' dir='ltr'><em>ὧν</em></span> <span class='ocrx_word' id='word_1_252' title='bbox 1841 3068 1916 3134; x_wconf 84' lang='grc' dir='ltr'><strong>ου’</strong></span> <span class='ocrx_word' id='word_1_253' title='bbox 1977 3073 2071 3132; x_wconf 80' lang='grc' dir='ltr'><strong>δεῖ</strong></span> <span class='ocrx_word' id='word_1_254' title='bbox 2110 3075 2469 3153; x_wconf 82' lang='grc' dir='ltr'><em>προσεῖναι’;</em></span> <span class='ocrx_word' id='word_1_255' title='bbox 2537 3078 2689 3154; x_wconf 80' lang='lat' dir='ltr'><strong>quae</strong></span> 
     </span>
     <span class='ocr_line' id='line_1_27' title="bbox 327 3167 2689 3256; baseline 0.001 -21"><span class='ocrx_word' id='word_1_256' title='bbox 327 3177 640 3253; x_wconf 84' lang='lat' dir='ltr'><strong>sententia,</strong></span> <span class='ocrx_word' id='word_1_257' title='bbox 685 3196 837 3256; x_wconf 89' lang='lat' dir='ltr'><strong>quae</strong></span> <span class='ocrx_word' id='word_1_258' title='bbox 879 3178 1010 3256; x_wconf 90' lang='lat' dir='ltr'><strong>ipso</strong></span> <span class='ocrx_word' id='word_1_259' title='bbox 1053 3179 1120 3237; x_wconf 86' lang='lat' dir='ltr'><strong>in</strong></span> <span class='ocrx_word' id='word_1_260' title='bbox 1164 3179 1337 3238; x_wconf 90' lang='lat' dir='ltr'><strong>initio</strong></span> <span class='ocrx_word' id='word_1_261' title='bbox 1378 3178 1701 3255; x_wconf 72' lang='lat' dir='ltr'><strong>tragmenti</strong></span> <span class='ocrx_word' id='word_1_262' title='bbox 1743 3178 2075 3253; x_wconf 72' lang='lat' dir='ltr'><strong>invenimr‚</strong></span> <span class='ocrx_word' id='word_1_263' title='bbox 2122 3167 2330 3239; x_wconf 83' lang='lat' dir='ltr'><strong>eadem</strong></span> <span class='ocrx_word' id='word_1_264' title='bbox 2368 3179 2689 3255; x_wconf 62' lang='lat' dir='ltr'><strong>symloaes</strong></span> 
     </span>
     <span class='ocr_line' id='line_1_28' title="bbox 325 3267 2687 3359; baseline 0 -20"><span class='ocrx_word' id='word_1_265' title='bbox 325 3281 670 3358; x_wconf 83' lang='lat' dir='ltr'><strong>exemplum</strong></span> <span class='ocrx_word' id='word_1_266' title='bbox 714 3286 823 3341; x_wconf 87' lang='lat' dir='ltr'><strong>est.</strong></span> <span class='ocrx_word' id='word_1_267' title='bbox 911 3283 1107 3359; x_wconf 88' lang='lat' dir='ltr'><strong>Atque</strong></span> <span class='ocrx_word' id='word_1_268' title='bbox 1163 3281 1485 3357; x_wconf 79' lang='lat' dir='ltr'><strong>antitheta,</strong></span> <span class='ocrx_word' id='word_1_269' title='bbox 1552 3299 1705 3359; x_wconf 89' lang='lat' dir='ltr'><strong>quae</strong></span> <span class='ocrx_word' id='word_1_270' title='bbox 1758 3281 1884 3341; x_wconf 88' lang='lat' dir='ltr'><strong>fere</strong></span> <span class='ocrx_word' id='word_1_271' title='bbox 1948 3280 2168 3342; x_wconf 74' lang='lat' dir='ltr'><strong>isoeola</strong></span> <span class='ocrx_word' id='word_1_272' title='bbox 2226 3280 2369 3341; x_wconf 87' lang='lat' dir='ltr'><strong>fecit</strong></span> <span class='ocrx_word' id='word_1_273' title='bbox 2423 3267 2687 3356; x_wconf 78' lang='lat' dir='ltr'><strong>GorgiaS,</strong></span> 
     </span>
     <span class='ocr_line' id='line_1_29' title="bbox 323 3375 2682 3461; baseline 0 -20"><span class='ocrx_word' id='word_1_274' title='bbox 323 3384 580 3461; x_wconf 86' lang='lat' dir='ltr'><strong>amplius</strong></span> <span class='ocrx_word' id='word_1_275' title='bbox 610 3384 887 3443; x_wconf 77' lang='lat' dir='ltr'><strong>distinxit</strong></span> <span class='ocrx_word' id='word_1_276' title='bbox 918 3385 1297 3461; x_wconf 75' lang='lat' dir='ltr'><strong>paromoeosi</strong></span> <span class='ocrx_word' id='word_1_277' title='bbox 1342 3380 1636 3461; x_wconf 87' lang='lat' dir='ltr'><strong>(parisosi)</strong></span> <span class='ocrx_word' id='word_1_278' title='bbox 1691 3383 1793 3443; x_wconf 83' lang='lat' dir='ltr'><strong>vel</strong></span> <span class='ocrx_word' id='word_1_279' title='bbox 1850 3404 1936 3442; x_wconf 84' lang='grc' dir='ltr'><strong>κα</strong></span> <span class='ocrx_word' id='word_1_280' title='bbox 1951 3376 2000 3441; x_wconf 86' lang='grc' dir='ltr'><strong>τ’</strong></span> <span class='ocrx_word' id='word_1_281' title='bbox 2070 3378 2113 3440; x_wconf 87' lang='grc' dir='ltr'><strong>α’</strong></span> <span class='ocrx_word' id='word_1_282' title='bbox 2128 3404 2161 3460; x_wconf 77' lang='grc' dir='ltr'><em>ρ</em></span> <span class='ocrx_word' id='word_1_283' title='bbox 2175 3405 2206 3459; x_wconf 87' lang='grc' dir='ltr'><em>χ</em></span> <span class='ocrx_word' id='word_1_284' title='bbox 2222 3381 2261 3458; x_wconf 83' lang='grc' dir='ltr'><em>ὴ</em></span> <span class='ocrx_word' id='word_1_285' title='bbox 2276 3405 2311 3440; x_wconf 89' lang='grc' dir='ltr'><em>ν</em></span> <span class='ocrx_word' id='word_1_286' title='bbox 2355 3403 2386 3439; x_wconf 88' lang='grc' dir='ltr'><strong><em>τ</em></strong></span> <span class='ocrx_word' id='word_1_287' title='bbox 2399 3383 2445 3440; x_wconf 85' lang='grc' dir='ltr'><strong>ὦ</strong></span> <span class='ocrx_word' id='word_1_288' title='bbox 2460 3391 2506 3439; x_wconf 82' lang='grc' dir='ltr'><em>ν·</em></span> <span class='ocrx_word' id='word_1_289' title='bbox 2550 3404 2586 3441; x_wconf 85' lang='grc' dir='ltr'><strong><em>κ</em></strong></span> <span class='ocrx_word' id='word_1_290' title='bbox 2600 3375 2647 3441; x_wconf 82' lang='grc' dir='ltr'><em>ώ</em></span> <span class='ocrx_word' id='word_1_291' title='bbox 2661 3417 2682 3425; x_wconf 89' lang='grc'>-</span> 
     </span>
     <span class='ocr_line' id='line_1_30' title="bbox 326 3478 2686 3563; baseline -0 -20"><span class='ocrx_word' id='word_1_292' title='bbox 326 3488 467 3544; x_wconf 82' lang='grc' dir='ltr'><em>λων</em></span> <span class='ocrx_word' id='word_1_293' title='bbox 510 3483 1082 3562; x_wconf 80' lang='lat' dir='ltr'><strong>(homoeocatarcto):</strong></span> <span class='ocrx_word' id='word_1_294' title='bbox 1128 3480 1356 3561; x_wconf 54' lang='grc' dir='ltr'><em>(λαθών</em></span> <span class='ocrx_word' id='word_1_295' title='bbox 1403 3481 1513 3562; x_wconf 81' lang='grc' dir='ltr'><em>μὲν</em></span> <span class='ocrx_word' id='word_1_296' title='bbox 1554 3482 1663 3563; x_wconf 82' lang='grc' dir='ltr'><strong>τὴν</strong></span> <span class='ocrx_word' id='word_1_297' title='bbox 1709 3484 1890 3544; x_wconf 78' lang='grc' dir='ltr'><em>θείαν</em></span> <span class='ocrx_word' id='word_1_298' title='bbox 1935 3482 2187 3562; x_wconf 81' lang='grc' dir='ltr'><em>νέμεσιν,</em></span> <span class='ocrx_word' id='word_1_299' title='bbox 2236 3478 2443 3563; x_wconf 69' lang='grc' dir='ltr'><em>φυγών</em></span> <span class='ocrx_word' id='word_1_300' title='bbox 2475 3479 2539 3541; x_wconf 81' lang='grc' dir='ltr'><strong>δὲ</strong></span> <span class='ocrx_word' id='word_1_301' title='bbox 2583 3479 2686 3543; x_wconf 87' lang='grc' dir='ltr'><strong>τὸν</strong></span> 
     </span>
     <span class='ocr_line' id='line_1_31' title="bbox 326 3580 2688 3665; baseline 0 -20"><span class='ocrx_word' id='word_1_302' title='bbox 326 3580 716 3665; x_wconf 74' lang='grc' dir='ltr'><em>ἀνθρώπινον</em></span> <span class='ocrx_word' id='word_1_303' title='bbox 750 3583 1029 3664; x_wconf 76' lang='grc' dir='ltr'><em>φθόνονὶ</em></span> <span class='ocrx_word' id='word_1_304' title='bbox 1073 3591 1172 3650; x_wconf 84' lang='lat' dir='ltr'><strong>vel</strong></span> <span class='ocrx_word' id='word_1_305' title='bbox 1217 3583 1401 3648; x_wconf 82' lang='grc' dir='ltr'><strong>κατὰ</strong></span> <span class='ocrx_word' id='word_1_306' title='bbox 1448 3586 1803 3665; x_wconf 79' lang='grc' dir='ltr'><strong>τελευτὴν</strong></span> <span class='ocrx_word' id='word_1_307' title='bbox 1845 3591 1987 3647; x_wconf 84' lang='grc' dir='ltr'><strong>τῶν</strong></span> <span class='ocrx_word' id='word_1_308' title='bbox 2031 3581 2281 3646; x_wconf 78' lang='grc' dir='ltr'><em>κώλων</em></span> <span class='ocrx_word' id='word_1_309' title='bbox 2325 3584 2688 3662; x_wconf 83' lang='lat' dir='ltr'><strong>(homoeoca-</strong></span> 
     </span>
    </p>
   </div>
   <div class='ocr_carea' id='block_1_4' title="bbox 320 3683 2706 3771">
    <p class='ocr_par' dir='ltr' id='par_1_4' title="bbox 320 3683 2706 3771">
     <span class='ocr_line' id='line_1_32' title="bbox 320 3683 2706 3771; baseline -0 -22"><span class='ocrx_word' id='word_1_310' title='bbox 320 3689 590 3768; x_wconf 78' lang='lat' dir='ltr'><strong>talecto):</strong></span> <span class='ocrx_word' id='word_1_311' title='bbox 638 3686 1028 3771; x_wconf 61' lang='grc' dir='ltr'><strong>ιτῖὶεράπεοντπες</strong></span> <span class='ocrx_word' id='word_1_312' title='bbox 1072 3689 1180 3771; x_wconf 83' lang='grc' dir='ltr'><em>μὲν</em></span> <span class='ocrx_word' id='word_1_313' title='bbox 1224 3695 1338 3752; x_wconf 84' lang='grc' dir='ltr'><strong>τῶν</strong></span> <span class='ocrx_word' id='word_1_314' title='bbox 1384 3685 1610 3762; x_wconf 75' lang='grc' dir='ltr'><em>ἀδίκως</em></span> <span class='ocrx_word' id='word_1_315' title='bbox 1655 3690 1809 3750; x_wconf 79' lang='grc' dir='ltr'><strong>δυστ</strong></span> <span class='ocrx_word' id='word_1_316' title='bbox 1823 3713 1862 3749; x_wconf 88' lang='grc' dir='ltr'><strong>υ</strong></span> <span class='ocrx_word' id='word_1_317' title='bbox 1874 3713 1905 3768; x_wconf 94' lang='grc' dir='ltr'><strong>χ</strong></span> <span class='ocrx_word' id='word_1_318' title='bbox 1920 3712 1951 3749; x_wconf 96' lang='grc' dir='ltr'><strong><em>ο</em></strong></span> <span class='ocrx_word' id='word_1_319' title='bbox 1967 3683 2004 3749; x_wconf 87' lang='grc' dir='ltr'>ύ</span> <span class='ocrx_word' id='word_1_320' title='bbox 2022 3713 2057 3748; x_wconf 89' lang='grc' dir='ltr'><em>ν</em></span> <span class='ocrx_word' id='word_1_321' title='bbox 2073 3709 2105 3747; x_wconf 89' lang='grc' dir='ltr'><strong><em>τ</em></strong></span> <span class='ocrx_word' id='word_1_322' title='bbox 2120 3712 2168 3748; x_wconf 90' lang='grc' dir='ltr'>ω</span> <span class='ocrx_word' id='word_1_323' title='bbox 2184 3711 2219 3747; x_wconf 91' lang='grc' dir='ltr'><em>ν</em></span> <span class='ocrx_word' id='word_1_324' title='bbox 2233 3735 2249 3762; x_wconf 91' lang='grc'>,</span> <span class='ocrx_word' id='word_1_325' title='bbox 2295 3686 2574 3748; x_wconf 83' lang='grc' dir='ltr'><strong>κολασταὶ</strong></span> <span class='ocrx_word' id='word_1_326' title='bbox 2622 3685 2706 3748; x_wconf 78' lang='grc' dir='ltr'><strong>δὲ·</strong></span> 
     </span>
    </p>
   </div>
   <div class='ocr_carea' id='block_1_5' title="bbox 324 3785 2685 4070">
    <p class='ocr_par' dir='ltr' id='par_1_5' title="bbox 324 3785 2685 4070">
     <span class='ocr_line' id='line_1_33' title="bbox 324 3785 2685 3875; baseline 0 -24"><span class='ocrx_word' id='word_1_327' title='bbox 324 3796 438 3852; x_wconf 83' lang='grc' dir='ltr'><strong>τῶν</strong></span> <span class='ocrx_word' id='word_1_328' title='bbox 494 3788 718 3865; x_wconf 74' lang='grc' dir='ltr'><em>ἀδίκως</em></span> <span class='ocrx_word' id='word_1_329' title='bbox 764 3789 1321 3875; x_wconf 76' lang='grc' dir='ltr'><em>εὐτυχούντων’,</em></span> <span class='ocrx_word' id='word_1_330' title='bbox 1388 3799 1452 3854; x_wconf 83' lang='lat' dir='ltr'><strong>et</strong></span> <span class='ocrx_word' id='word_1_331' title='bbox 1493 3789 1658 3868; x_wconf 57' lang='lat' dir='ltr'><strong>‘Atos</strong></span> <span class='ocrx_word' id='word_1_332' title='bbox 1714 3789 1821 3870; x_wconf 81' lang='grc' dir='ltr'><em>μὲν</em></span> <span class='ocrx_word' id='word_1_333' title='bbox 1880 3785 2268 3872; x_wconf 74' lang='grc' dir='ltr'><em>ἀγάλματα,</em></span> <span class='ocrx_word' id='word_1_334' title='bbox 2333 3786 2579 3858; x_wconf 52' lang='grc' dir='ltr'><strong>τούτων,</strong></span> <span class='ocrx_word' id='word_1_335' title='bbox 2621 3788 2685 3852; x_wconf 83' lang='grc' dir='ltr'><strong>δὲ</strong></span> 
     </span>
     <span class='ocr_line' id='line_1_34' title="bbox 326 3889 2681 3977; baseline 0 -24"><span class='ocrx_word' id='word_1_336' title='bbox 326 3889 588 3974; x_wconf 82' lang='grc' dir='ltr'><em>ἆναθήμ</em></span> <span class='ocrx_word' id='word_1_337' title='bbox 605 3922 738 3957; x_wconf 74' lang='lat' dir='ltr'><strong>ava</strong></span> <span class='ocrx_word' id='word_1_338' title='bbox 755 3899 791 3957; x_wconf 83' lang='lat'><strong>’.-</strong></span> <span class='ocrx_word' id='word_1_339' title='bbox 853 3898 1066 3977; x_wconf 88' lang='lat' dir='ltr'><strong>Neque</strong></span> <span class='ocrx_word' id='word_1_340' title='bbox 1111 3899 1454 3976; x_wconf 73' lang='lat' dir='ltr'><strong>polyptoton</strong></span> <span class='ocrx_word' id='word_1_341' title='bbox 1496 3914 1696 3973; x_wconf 91' lang='lat' dir='ltr'><strong>neque</strong></span> <span class='ocrx_word' id='word_1_342' title='bbox 1733 3914 2131 3973; x_wconf 74' lang='lat' dir='ltr'><strong>pareymenon</strong></span> <span class='ocrx_word' id='word_1_343' title='bbox 2156 3895 2387 3956; x_wconf 88' lang='lat' dir='ltr'><strong>omisit:</strong></span> <span class='ocrx_word' id='word_1_344' title='bbox 2433 3916 2681 3975; x_wconf 70' lang='grc' dir='ltr'><strong>ιτοιγαρ-</strong></span> 
     </span>
     <span class='ocr_line' id='line_1_35' title="bbox 327 3990 2683 4070; baseline -0.001 -13"><span class='ocrx_word' id='word_1_345' title='bbox 327 4001 438 4057; x_wconf 82' lang='grc' dir='ltr'><strong>οῦν</strong></span> <span class='ocrx_word' id='word_1_346' title='bbox 483 3993 676 4058; x_wconf 83' lang='grc' dir='ltr'><em>αὐτῶν</em></span> <span class='ocrx_word' id='word_1_347' title='bbox 717 3994 1278 4062; x_wconf 77' lang='grc' dir='ltr'><strong>ἀποθανόντων</strong></span> <span class='ocrx_word' id='word_1_348' title='bbox 1326 3994 1586 4069; x_wconf 62' lang='lat' dir='ltr'><strong>findens</strong></span> <span class='ocrx_word' id='word_1_349' title='bbox 1617 3992 1690 4057; x_wconf 84' lang='grc' dir='ltr'><strong>οὗ</strong></span> <span class='ocrx_word' id='word_1_350' title='bbox 1724 3996 2269 4070; x_wconf 83' lang='grc' dir='ltr'><em>συναπέθανεν,</em></span> <span class='ocrx_word' id='word_1_351' title='bbox 2317 3990 2441 4056; x_wconf 79' lang='grc' dir='ltr'><strong>ἀλλ’</strong></span> <span class='ocrx_word' id='word_1_352' title='bbox 2487 3991 2683 4056; x_wconf 75' lang='grc' dir='ltr'><em>ἀθά·</em></span> 
     </span>
    </p>
   </div>
   <div class='ocr_carea' id='block_1_6' title="bbox 328 4110 732 4118">
    <p class='ocr_par' dir='ltr' id='par_1_6' title="bbox 328 4110 732 4118">
     <span class='ocr_line' id='line_1_36' title="bbox 328 4110 732 4118; baseline 0 749"><span class='ocrx_word' id='word_1_353' title='bbox 328 4110 732 4118; x_wconf 95' lang='lat' dir='ltr'><strong> </strong></span> 
     </span>
    </p>
   </div>
   <div class='ocr_carea' id='block_1_7' title="bbox 326 4146 2687 4287">
    <p class='ocr_par' dir='ltr' id='par_1_7' title="bbox 326 4146 2687 4287">
     <span class='ocr_line' id='line_1_37' title="bbox 499 4146 2687 4217; baseline 0 -18"><span class='ocrx_word' id='word_1_354' title='bbox 499 4147 550 4216; x_wconf 92' lang='grc'><strong>1)</strong></span> <span class='ocrx_word' id='word_1_355' title='bbox 588 4150 887 4217; x_wconf 83' lang='grc' dir='ltr'><em>παρίσωσις</em></span> <span class='ocrx_word' id='word_1_356' title='bbox 922 4166 954 4204; x_wconf 85' lang='lat' dir='ltr'><strong>a</strong></span> <span class='ocrx_word' id='word_1_357' title='bbox 976 4149 1140 4203; x_wconf 83' lang='lat' dir='ltr'><strong>Suida</strong></span> <span class='ocrx_word' id='word_1_358' title='bbox 1172 4148 1372 4203; x_wconf 83' lang='lat' dir='ltr'><strong>ratione</strong></span> <span class='ocrx_word' id='word_1_359' title='bbox 1394 4147 1759 4216; x_wconf 85' lang='lat' dir='ltr'><strong>Hermogenea</strong></span> <span class='ocrx_word' id='word_1_360' title='bbox 1791 4146 2059 4203; x_wconf 78' lang='lat' dir='ltr'><strong>intellecta</strong></span> <span class='ocrx_word' id='word_1_361' title='bbox 2092 4163 2185 4217; x_wconf 89' lang='lat' dir='ltr'><strong>pro</strong></span> <span class='ocrx_word' id='word_1_362' title='bbox 2219 4146 2536 4206; x_wconf 84' lang='lat' dir='ltr'><strong>Aristotelea</strong></span> <span class='ocrx_word' id='word_1_363' title='bbox 2569 4162 2687 4215; x_wconf 86' lang='lat' dir='ltr'><strong>par·</strong></span> 
     </span>
     <span class='ocr_line' id='line_1_38' title="bbox 326 4233 686 4287; baseline 0.003 -1"><span class='ocrx_word' id='word_1_364' title='bbox 326 4233 557 4286; x_wconf 86' lang='lat' dir='ltr'><strong>omoeosi</strong></span> <span class='ocrx_word' id='word_1_365' title='bbox 592 4235 686 4287; x_wconf 86' lang='lat' dir='ltr'><strong>est.</strong></span> 
     </span>
    </p>
   </div>
   <div class='ocr_carea' id='block_1_8' title="bbox 497 4318 1657 4389">
    <p class='ocr_par' dir='ltr' id='par_1_8' title="bbox 497 4318 1657 4389">
     <span class='ocr_line' id='line_1_39' title="bbox 497 4318 1657 4389; baseline 0.001 -17"><span class='ocrx_word' id='word_1_366' title='bbox 497 4318 551 4387; x_wconf 83' lang='lat'><strong>2)</strong></span> <span class='ocrx_word' id='word_1_367' title='bbox 588 4319 652 4373; x_wconf 86' lang='lat' dir='ltr'><strong>cf.</strong></span> <span class='ocrx_word' id='word_1_368' title='bbox 688 4318 909 4385; x_wconf 55' lang='lat' dir='ltr'><strong>Blasffi</strong></span> <span class='ocrx_word' id='word_1_369' title='bbox 949 4322 1072 4389; x_wconf 55' lang='lat' dir='ltr'><strong>‘Att</strong></span> <span class='ocrx_word' id='word_1_370' title='bbox 1110 4320 1244 4375; x_wconf 59' lang='lat' dir='ltr'><strong>Ber?</strong></span> <span class='ocrx_word' id='word_1_371' title='bbox 1281 4320 1327 4388; x_wconf 92' lang='lat' dir='ltr'><strong>I,</strong></span> <span class='ocrx_word' id='word_1_372' title='bbox 1362 4336 1412 4388; x_wconf 91' lang='lat' dir='ltr'><strong>p.</strong></span> <span class='ocrx_word' id='word_1_373' title='bbox 1450 4323 1512 4372; x_wconf 80' lang='lat'><strong>61</strong></span> <span class='ocrx_word' id='word_1_374' title='bbox 1541 4333 1657 4387; x_wconf 86' lang='lat' dir='ltr'><strong>sqq.</strong></span> 
     </span>
    </p>
   </div>
   <div class='ocr_carea' id='block_1_9' title="bbox 2967 0 3089 919">
    <p class='ocr_par' dir='ltr' id='par_1_9' title="bbox 2967 0 3089 919">
     <span class='ocr_line' id='line_1_40' title="bbox 2967 0 3089 919; textangle 90"><span class='ocrx_word' id='word_1_375' title='bbox 2967 0 3089 919; x_wconf 31' lang='lat' dir='ltr'><strong>QQQQQQ—⁸</strong></span> 
     </span>
    </p>
   </div>
   <div class='ocr_carea' id='block_1_10' title="bbox 3086 1315 3089 1928">
    <p class='ocr_par' dir='ltr' id='par_1_10' title="bbox 3086 1315 3089 1928">
     <span class='ocr_line' id='line_1_41' title="bbox 3086 1315 3089 1928; baseline 0 0"><span class='ocrx_word' id='word_1_376' title='bbox 3086 1315 3089 1928; x_wconf 95' lang='lat' dir='ltr'><strong> </strong></span> 
     </span>
    </p>
   </div>
  </div>
 </body>
</html>
