3125 4867
1376 281 1802 347 -82-

716 459 991 520 Hecteris
1032 463 1241 519 natum
1286 459 1362 520 de
1406 477 1577 519 muro
1620 459 1907 519 iactarier.

720 563 964 623 Caelsun
1007 563 1317 638 nitescere,
1360 563 1595 622 arbores
1638 562 2013 652 frondescere,

716 665 890 725 Vites
933 666 1221 726 laetificae
1266 666 1564 743 pampinis
1608 667 1934 742 pubescere,
2155 687 2188 708 κ

710 768 887 828 Rami
928 770 1205 829 bacarum
1247 770 1514 830 ubertate
1556 769 1978 830 incurviscere.
2659 833 2663 840 ,

410 887 496 947 Of.
543 888 722 948 etiam
763 889 878 948 hoo
920 889 1176 966 exempl.
1223 907 1300 948 ex
1328 888 1518 954 Plaut,
1548 889 1706 949 Men.
1744 890 1885 949 259.
1920 892 2020 964 60,-
2063 888 2166 947 ubi
2194 888 2771 952 homoeocatalecton

408 992 567 1051 binis
611 991 915 1054 vocabulis
958 992 1330 1052 continetur:
2599 975 2628 996 '¹'

709 1095 1046 1172 Voluptarii
1088 1100 1265 1172 atque
1309 1099 1601 1172 petatores
1644 1095 1938 1169 maximni,

710 1197 863 1257 Tum
906 1199 1306 1275 sucophantae
1359 1204 1422 1258 et
1463 1199 1796 1276 pelpatmes
1838 1197 2123 1274 plfirumi.

575 1317 972 1377 Iambicomm
1025 1319 1491 1395 septemriorwn
1545 1318 1956 1392 monosyllaba
1997 1322 2302 1394 ponuntur
2357 1317 2424 1376 in
2482 1317 2588 1376 IV.
2632 1318 2766 1392 arsi,

403 1420 571 1479 Asin.
598 1424 740 1481 ’601
775 1435 890 1498 sq.;
937 1420 1118 1482 Poen.
1162 1420 1237 1496 V,
1281 1425 1340 1496 4,
1388 1423 1466 1482 76
1498 1438 1615 1498 sq.:

709 1540 825 1615 Qui
868 1543 1002 1602 sese
1045 1560 1253 1621 parere
1296 1541 1575 1618 adparent
1632 1540 1811 1600 huius
1854 1540 2114 1617 legibus,
2132 1540 2411 1617 profecto,

712 1643 772 1703 N
770 1647 1054 1723 umquem
1096 1647 1283 1706 bonae
1328 1645 1494 1721 frugi
1541 1644 1707 1718 sient,
1751 1643 1883 1703 dies
1926 1648 2246 1720 noctesque
2286 1646 2512 1720 petent.

710 1746 957 1825 Quoque
1000 1748 1172 1810 modo
1215 1748 1467 1808 huiusce
1508 1747 1678 1806 filias
1720 1747 1879 1825 apud
1921 1750 2028 1807 vos
2071 1747 2335 1806 habeatis
2380 1748 2604 1821 servae,

713 1850 871 1925 Quas
914 1855 1021 1911 ves
1065 1869 1146 1912 ex
1186 1852 1377 1929 patria
1418 1852 1639 1911 liberas
1683 1852 1992 1928 subreptas
2038 1867 2171 1909 esse
2216 1832 2404 1909 scitis:

402 1969 698 2045 bisyllaba
739 1971 806 2029 in
847 1969 985 2031 VH.
1030 1972 1176 2032 arsi:
1223 1972 1391 2032 Curc.
1425 1974 1550 2032 496
1576 1989 1694 2047 sq.;
1742 1969 1924 2029 Stich.
1971 1972 2093 2029 674
2124 1986 2242 2046 sq.;
2287 1968 2459 2027 Most.
2492 1970 2612 2027 241
2648 1985 2766 2044 sq.:

405 2088 521 2163 Qui
563 2090 836 2150 abierant
880 2092 933 2150 si
977 2091 1122 2169 quid
1166 2091 1552 2151 creditumst?
1595 2089 1824 2149 alienos
1867 2088 2261 2165 mancupati3‚

402 2192 652 2252 Alienos
693 2212 799 2253 vos
845 2194 1112 2254 emittitis
1155 2194 1489 2271 alienisque
1531 2191 1859 2269 imperatis,

404 2294 626 2354 Mirsim
668 2296 859 2356 videri
901 2297 1132 2356 nemini
1175 2299 1441 2355 vostrum
1490 2294 1625 2353 volo
1669 2296 2045 2371 spectatores,

379 2395 563 2470 -Quid
607 2416 720 2475 ego
762 2400 923 2475 hinc,
965 2417 1118 2478 quae
1161 2398 1256 2457 illi
1296 2398 1495 2458 habito
1509 2442 1524 2472 ,
1579 2397 1699 2457 huc
1744 2399 1985 2458 exeam:
2039 2396 2252 2455 faciem
2306 2413 2413 2455 vos
2470 2396 2763 2456 certiore&

403 2499 636 2577 Edepel
679 2502 733 2561 si
776 2502 879 2562 vel
921 2506 1152 2562 summe
1196 2502 1327 2561 Iovi
1370 2519 1440 2561 eo
1482 2501 1730 2576 argento
1775 2501 2237 2571 sacrufica‘ssem,

403 2602 520 2662 Pro
563 2604 729 2664 illius
773 2606 969 2683 capite
1015 2604 1174 2683 quod
1217 2586 1375 2679 dedi,
1417 2620 1746 2679 numquam
1788 2604 1977 2679 aeque
2018 2601 2082 2660 id
2125 2603 2278 2661 bene
2320 2601 2622 2661 locassem.

2741 2295 2774 2320 δ

579 2723 829 2783 Iambici
881 2723 1168 2783 octonarii
1222 2723 1631 2798 monosyllaba
1694 2722 1761 2782 in
1813 2720 1904 2781 IV
1908 2766 1921 2780 .
1988 2720 2090 2780 vel
2155 2720 2324 2779 VIII.
2368 2738 2480 2780 ars.
2545 2720 2766 2779 habent

404 2826 618 2902 Amph.
669 2830 831 2887 1002
865 2845 984 2904 sq.:

488 2945 723 3006 Deinde
768 2947 875 3005 ille
919 2949 1185 3005 actutum
1229 2946 1468 3006 sufferet
1511 2962 1658 3004 suus
1701 2961 1903 3004 servos
1945 2960 2169 3020 poenas
2214 2941 2403 3017 Sesia,
2481 2975 2490 2980 ν

486 3047 643 3107 Eum
684 3049 900 3110 fecisse
943 3049 1050 3108 ille
1095 3049 1276 3109 hodie
1321 3051 1540 3125 arguet,
1585 3065 1737 3126 quae
1782 3064 1894 3125 ego
1924 3046 2121 3106 fecero
2149 3046 2277 3105 hic:
2323 3044 2469 3123 quid
2497 3045 2562 3104 id
2591 3048 2765 3106 mea?

401 3168 698 3243 bissyllaba
739 3170 807 3229 in
849 3167 969 3228 IV:
1001 3170 1121 3228 arsi
1166 3167 1329 3246 Capt.
1376 3171 1501 3229 914
1532 3186 1651 3246 sq.:

616 3289 962 3349 Adveniens
1004 3293 1195 3348 totum
1238 3258 1572 3349 deturbabit
1589 3284 1634 3365 ¹)
1679 3288 1818 3346 cum
1860 3286 2050 3345 carni·
2068 3286 2417 3346 carnarium.

614 3391 892 3469 Adripuit
935 3391 1216 3468 gladium,
1261 3391 1635 3451 detruncavit
1677 3390 1867 3449 tribus
1909 3390 2215 3464 tegoribus
2260 3387 2515 3463 glandia.

577 3511 874 3571 'stochaici
927 3511 1242 3588 septenarii
1294 3479 1706 3585 monosyllaba
1750 3513 1811 3570 et
1863 3508 2177 3583 trisyllaba
2230 3507 2296 3565 in
2357 3509 2478 3567 fine
2523 3507 2759 3565 habent.

398 3613 807 3689 Monosyllaba
849 3614 1002 3674 Enn.
1046 3619 1119 3674 tr.
1165 3617 1248 3674 44
1293 3631 1453 3692 sqq.;
1498 3612 1715 3690 Amph.
1761 3615 1885 3671 828
1933 3629 2051 3687 sq.:

484 3733 770 3810 Virgines
811 3735 1077 3813 aequalis
1119 3728 1347 3810 vereor,
1390 3733 1579 3812 petris
1622 3732 1744 3792 mei
1785 3749 1989 3791 meum
2032 3730 2253 3790 factem
2295 3729 2489 3807 pudet,

483 3832 748 3913 'Optumi
791 3838 922 3897 viri.
966 3856 1101 3898 mea
1142 3842 1345 3912 mater,
1389 3839 1481 3896 tui
1523 3854 1622 3896 me
1666 3835 1929 3909 miseret,
1972 3834 2091 3892 mei
2132 3833 2318 3910 piget:

483 3933 820 4017 'Optumam
862 3941 1215 4020 progeniem
1257 3939 1493 3999 Priamo
1536 3937 1822 4016 peperisti
1866 3940 2033 3996 extra
2075 3953 2206 3994 me:
2252 3935 2366 4026 lieo
2408 3933 2588 3993 dolet:

483 4042 625 4102 Men
669 4045 897 4119 obesse,
939 4044 1079 4103 illos
1122 4042 1424 4120 prodesse,
1468 4059 1588 4106 me,
1612 4041 1860 4114 obstare,
1903 4039 2041 4098 illos
2086 4037 2350 4115 obsequi.

574 4192 623 4260 1)
658 4190 967 4245 Fleckeisen
1019 4195 1068 4243 et
1101 4188 1245 4242 Bria:
1297 4205 1422 4243 cum
1477 4188 1637 4242 libris
1693 4187 1993 4241 deturbavit
2032 4188 2226 4253 totum3
2281 4183 2638 4253 transpositio
2691 4179 2760 4236 ab

396 4275 805 4330 homoeoteleuto
843 4275 1365 4330 commendationem
1399 4275 1570 4330 habet.
1740 4287 1745 4292 “

3073 4458 3101 4521 ¹
