3125 4867
1883 264 1921 310 ο

1390 333 1819 398 ..1ss-

580 510 1036 574 Paromoeoseos
1091 532 1241 570 κατα
1292 508 1470 590 μέρος
1527 504 1707 591 λόγου
1783 511 2017 590 species
2074 512 2289 586 altera,
2362 531 2422 569 π.
2470 505 2656 571 και-ἂ
2715 512 2791 571 τὸ

419 610 625 684 τέλος
668 607 1240 693 τῶν·ὂνομοὶτων
1285 615 1384 688 fit,
1443 631 1582 672 cum
1624 613 1803 674 binae
1847 615 1947 675 vel
1988 615 2192 692 plures
2247 614 2537 674 dictiones
2580 616 2683 675 vel
2728 615 2795 674 in

428 716 671 776 eosdem
712 736 886 778 casus
929 718 1167 792 cadunt,
1210 717 1369 794 quod
1411 710 1547 795 ὁμο
1561 738 1583 775 ι
1600 711 1632 777 ό
1645 702 1794 776 nim
1809 739 1885 777 το
1901 739 1935 776 v
1989 717 2208 778 dicitur
2224 763 2239 794 ,
2292 719 2393 779 vel
2444 717 2511 776 in
2554 717 2796 778 easdem

419 820 681 894 syllabas
711 822 1010 896 desinunt,
1054 821 1213 899 quod.
1255 814 1342 898 ὀμ
1360 841 1391 880 ο
1408 841 1519 880 tor
1535 817 1607 879 έλ
1623 840 1847 880 ευτον
1888 820 2136 881 dicitur:
2182 822 2365 881 schol.
2396 821 2473 880 ad
2502 821 2706 882 Herm.
2730 846 2790 881 π.

423 922 499 981 ἰδ.
546 918 622 983 α’.
666 924 804 984 VH.
855 928 1038 1000 1032,
1085 929 1183 986 17.
1223 923 1348 1000 W.,
1406 926 1511 1002 τῆς
1567 917 1634 982 δὲ
1686 917 1836 983 κατὰ
1889 925 1954 984 τὸ
2018 921 2179 997 τέλος
2230 948 2293 985 π.
2352 915 2417 984 τὸ
2468 921 2578 1002 μέν
2638 921 2795 985 ἐστιν

419 1140 725 1210 vocalibus’,
763 1142 1009 1196 continuo
1044 1143 1223 1196 tamen
1256 1140 1426 1196 addit:
1479 1139 1738 1211 ‘Delectat
1770 1143 1948 1196 autem
1988 1140 2285 1195 Alliteratio
2318 1140 2451 1195 haec
2486 1141 2707 1196 mirifice
2741 1143 2799 1195 in

418 1226 606 1294 primis
640 1230 694 1281 et
727 1227 932 1282 ultimis
965 1226 1099 1282 locis
1135 1227 1290 1295 facta,
1325 1226 1383 1280 in
1419 1227 1612 1281 mediis
1648 1242 1878 1296 quoque,
1911 1226 2041 1281 licet
2074 1225 2275 1281 ibidem
2300 1239 2454 1281 aures
2477 1227 2655 1281 minus
2691 1228 2798 1281 sint

418 1312 682 1368 intentae'.
752 1313 871 1367 Viri
907 1314 1051 1368 docti
1082 1328 1251 1382 porro,
1289 1314 1381 1382 qui
1415 1313 1474 1365 in
1515 1312 1817 1367 Germanis
1850 1312 2043 1368 litteris
2077 1315 2371 1382 versantur,
2408 1313 2797 1369 adlitteratione

416 1399 485 1453 ad
519 1399 732 1453 initium
780 1399 1062 1454 verborum
1107 1401 1354 1454 revocata
1399 1399 1585 1454 eadem
1638 1399 1900 1454 sententia
1946 1399 2029 1453 uti
2074 1399 2244 1453 solent
2287 1401 2447 1468 atque
2485 1399 2799 1455 Germanica

416 1501 547 1539 voce
580 1485 870 1540 Stabreim.
927 1484 1031 1551 Qui
1062 1486 1239 1566 autem
1266 1477 1624 1540 Romanorum
1658 1484 2058 1540 adlitterationis
2093 1486 2217 1539 usui
2262 1501 2475 1555 operam
2518 1487 2795 1553 navarunt,

417 1570 510 1626 alii
544 1571 704 1627 aliam
738 1571 1115 1628 adlitterationi
1149 1571 1529 1640 impresserunt
1561 1571 1845 1626 notionem.
1908 1573 1988 1626 Ac
2022 1570 2328 1626 Naekius
2354 1571 2570 1641 quidem
2593 1570 2665 1625 M.
2691 1569 2793 1625 Rh.

417 1662 569 1726 1829,
604 1675 657 1726 p.
695 1662 796 1712 324
832 1674 865 1712 a
888 1657 1138 1712 Pontano
1173 1657 1514 1726 proficiscens
1549 1656 1995 1713 adlitterationem
2041 1658 2159 1712 fieri
2201 1657 2320 1713 vult
2364 1658 2550 1728 primis
2584 1656 2793 1726 litteriS,

414 1743 601 1813 primis
636 1743 881 1812 syllabis,
937 1744 996 1796 in
1029 1760 1136 1801 una
1167 1746 1433 1813 postrema
1467 1746 1522 1798 et
1555 1745 1721 1801 altera
1755 1746 1926 1814 prima
1961 1744 2189 1814 syllaba,
2239 1747 2299 1798 in
2332 1744 2524 1798 mediis
2558 1744 2797 1811 vocibuS,

419 1830 478 1883 in
510 1831 793 1899 postremis
827 1829 1074 1899 syllabis3
1119 1830 1319 1899 simile,
1367 1832 1507 1900 quod
1541 1832 1601 1883 in
1634 1829 1823 1886 verbis‘
1858 1831 1925 1888 ab
1960 1831 2145 1887 eadem
2182 1831 2345 1899 stirpe
2381 1830 2635 1885 derivatis
2670 1845 2795 1883 con·

416 1916 617 1970 tinetur
650 1916 1022 1986 (paregmenon
1057 1918 1111 1971 et
1143 1916 1492 1986 polyptoton),
1527 1933 1630 1971 nec
1663 1917 1843 1970 minus
1876 1916 2300 1984 paronomasiam
2336 1916 2567 1970 secernit
2600 1915 2666 1970 ab
2701 1915 2795 1969 ad-

338 2053 365 2078 ,
415 2001 750 2057 1111313110113.
804 2002 1067 2070 Deinceps
1102 2002 1207 2056 Ed.
1245 2003 1326 2056 du
1360 2001 1584 2070 Meril,
1620 2018 1721 2057 ess,
1757 2001 1889 2071 phil.
1928 2017 1970 2056 s
2007 2001 2043 2057 l.
2047 2002 2246 2076 princ.
2284 2002 2337 2055 31
2369 2001 2449 2054 les
2483 2002 2632 2055 form.
2671 2000 2722 2054 d.
2758 2000 2793 2054 l.

416 2095 552 2142 vers.
588 2105 639 2156 p.
677 2091 746 2142 96
791 2087 1234 2145 adlitterationem
1279 2085 1601 2144 Graecorum
1651 2087 1965 2157 parechesin
2018 2103 2243 2156 aequare
2296 2073 2496 2141 81311111.
2570 2086 2795 2141 Pontani

418 2174 776 2228 definitionem
809 2174 935 2228 inde
968 2190 1002 2231 a
1038 2173 1138 2244 Fit
1172 2173 1367 2246 itaque'
1404 2191 1577 2244 usque
1613 2174 1681 2229 ad.
1718 2173 1919 2243 primis
1952 2172 2244 2228 vocalibus’
2280 2174 2359 2229 ita
2391 2172 2577 2241 probat
2609 2172 2793 2246 Maeli·

415 2260 539 2329 lyus
574 2260 641 2314 N.
678 2260 730 2315 S.
767 2260 839 2315 M.
878 2265 1037 2330 1864,
1083 2279 1134 2329 Ρ.
1172 2266 1300 2330 214,
1351 2263 1410 2315 111
1454 2260 1617 2316 3113111
1663 2260 1968 2356 paregmeni
2011 2261 2065 2314 et
2110 2259 2372 2329 polyptoti
2416 2239 2659 2328 exempla
2701 2259 2796 2313 ad-

417 2347 726 2402 litterationi
771 2348 874 2402 det.
946 2347 1194 2430 Sequitur
1236 2347 1343 2402 Ed.
1391 2346 1707 2416 Lochius,
1762 2347 1854 2415 qui
1906 2346 1965 2399 in
2018 2346 2382 2401 dissertatione
2436 2362 2534 2402 sua
2585 2346 2651 2399 de
2694 2361 2797 2399 usu

419 2432 809 2488 allitterationis
845 2433 986 2501 apud
1019 2423 1203 2501 poetas
1238 2433 1455 2487 Latinos
1489 2430 1936 2508 adlitterationem
1969 2432 2038 2488 ad
2071 2432 2286 2485 initium
2323 2433 2377 2485 et
2410 2431 2570 2485 finem
2604 2447 2798 2485 vocum

416 2521 646 2573 revocat.
716 2519 833 2574 Iam
875 2535 1002 2573 vero
1047 2536 1114 2573 ne
1159 2519 1389 2573 editores
1434 2518 1650 2587 quidem
1693 2517 1929 2574 Plautini
1972 2519 2039 2572 de
2087 2517 2476 2573 adlitteratione
2527 2517 2798 2587 disputare

420 2605 722 2658 omiserunt.
803 2604 1072 2659 Brixius
1125 2603 1342 2673 quidem
1393 2604 1795 2659 adlitterationis
1848 2604 2232 2673 amplissimam
2283 2604 2551 2658 notionem
2598 2604 2797 2671 recepit

420 2689 560 2759 (adn.
597 2692 665 2746 ad
699 2690 838 2747 Trin.
864 2696 956 2744 257:
995 2690 1111 2762 ‘Die
1134 2690 1470 2746 Alliteration
1504 2690 1709 2744 invitus
1742 2690 1799 2744 ni
1833 2690 2025 2744 invitet
2062 2731 2072 2743 .
2100 2731 2113 2744 .
2142 2689 2212 2759 .').
2265 2685 2325 2744 F.
2350 2691 2415 2743 A.
2440 2689 2797 2743 Lorenzius

420 2780 600 2835 autem
644 2775 1027 2833 adlitteratione
1071 2777 1285 2831 novicia
1336 2793 1470 2831 voce
1504 2776 1702 2831 omissa
1744 2792 1876 2831 usus
1920 2778 2002 2831 est
2037 2776 2315 2832 Germanis
2357 2774 2567 2830 voculis
2605 2775 2796 2845 ,Buch-

420 2865 753 2932 stabenreim,
796 2862 1112 2918 Silbenreim
1148 2880 1217 2918 zu
1250 2864 1493 2934 Anfang’.
1564 2863 1743 2932 Atque
1786 2863 1879 2917 hic
1923 2863 2138 2932 quidem
2187 2862 2383 2932 optime
2428 2862 2495 2916 de
2540 2862 2795 2916 similium

418 2951 584 3007 variis
635 2950 925 3006 rationibus
978 2950 1296 3020 promeritus
1348 2952 1454 3018 est,
1508 2966 1632 3003 cum
1683 2949 1965 3019 praecipue
2016 2949 2075 3003 in
2125 2948 2448 3017 praefatione
2498 2948 2567 3003 ad
2601 2947 2793 3003 Pseud.

419 3055 470 3107 p.
509 3043 573 3091 37
594 3054 708 3108 sqq.
746 3040 990 3092 accurate
1024 3036 1279 3091 discernit
1312 3031 1450 3090 inter
1485 3035 1989 3106 ‘Buchstabenreim
2027 3035 2341 3090 Silbenreim
2377 3051 2447 3090 zu
2480 3034 2704 3104 Anfang,
2738 3033 2798 3087 in

419 3124 515 3178 der
546 3123 716 3193 Mitte,
754 3140 836 3177 zu‘
856 3122 1007 3177 Ende
1040 3123 1136 3177 der
1157 3122 1386 3191 Worter,
1422 3124 1714 3192 Assonanz,
1753 3122 2170 3194 etymologische
2192 3121 2371 3193 Figur,
2408 3120 2795 3188 Paronomasie,

421 3208 728 3279 Wortspiel’
764 3210 851 3278 (cf.
890 3226 1098 3279 quoque
1132 3211 1293 3279 praef.
1330 3210 1398 3264 ad
1432 3209 1588 3264 Most.
1625 3214 1710 3278 48,
1756 3210 1825 3265 ad
1857 3209 1971 3263 Mil.
2008 3209 2116 3278 61).
2193 3207 2339 3274 Quae
2382 3208 2650 3262 distinctio
2691 3221 2795 3259 non

423 3296 625 3375 placuit
658 3296 722 3349 R.
757 3295 1048 3364 Klotzio,
1086 3296 1178 3364 qui
1215 3295 1335 3365 ‘Zur
1369 3295 1597 3351 Allitter.
1633 3313 1684 3349 u.
1721 3295 2003 3365 Symmetr.
2038 3294 2126 3350 bei
2159 3294 2213 3350 Τ.
2247 3293 2318 3348 Μ.
2343 3292 2441 3347 Ρ1.’
2476 3308 2527 3361 Ρ.
2555 3299 2583 3344 1
2622 3290 2797 3359 ampla

424 3382 653 3452 quadam
687 3381 1091 3437 adlitterationis
1127 3381 1430 3436 definitione
1463 3383 1744 3450 impetrata
1787 3382 1916 3437 huic
1958 3381 2173 3450 quidem
2209 3380 2298 3449 (ιὰ.
2315 3378 2685 3433 Ἀ1111131311011
2719 3376 2794 3428 im

420 3469 670 3522 weiteren
721 3467 921 3537 Sinne')
971 3484 1078 3522 non
1129 3467 1304 3521 solum
1356 3468 1725 3523 homoeoarcta
1778 3469 1893 3536 dat,
1948 3467 2043 3521 sed
2094 3467 2253 3521 etiam
2301 3479 2546 3534 magnam
2590 3464 2795 3530 partem

420 3554 901 3624 paronomasiarum
915 3594 930 3622 ,
973 3554 1169 3624 figuras
1212 3553 1593 3624 etymologicas
1625 3555 1735 3609 fere
1769 3556 1967 3609 omnes,
2029 3552 2145 3619 Qua
2179 3553 2355 3606 tamen
2389 3548 2794 3618 amplificatione

419 3657 606 3695 vereor
637 3657 706 3695 ne
740 3641 879 3695 retro
915 3640 1137 3695 cesserit
1170 3638 1428 3695 similium
1452 3640 1682 3711 cognitio
1706 3643 1898 3709 potiuS,
1936 3655 2094 3710 quam
2116 3651 2393 3708 progressa
2415 3637 2501 3691 sit.
2550 3635 2794 3689 Ceterum

421 3726 849 3795 Ribbeokius,
899 3728 993 3796 qui
1024 3727 1083 3779 in
1116 3725 1252 3780 libro
1289 3742 1385 3780 suo
1423 3725 1500 3796 ιΙ).
1536 3724 2003 3796 Υὸ111.1“1·3303(113’
2048 3740 2154 3778 non
2205 3722 2370 3778 semel
2421 3722 2488 3775 de
2522 3720 2792 3776 adlittera-

420 3814 565 3869 tione
600 3813 856 3884 cogitavit
890 3814 957 3867 cf.
992 3830 1045 3881 p.
1081 3818 1175 3882 42,
1210 3817 1342 3882 215,
1377 3817 1505 3881 338,
1541 3814 1778 3888 itemque
1811 3811 1895 3866 Sc.
1932 3810 1995 3865 R.
2033 3809 2093 3865 P.
2129 3810 2189 3878 I,
2225 3827 2276 3878 Ρ.
2312 3808 2412 3876 ΙΧ,
2449 3808 2517 3863 ad
2551 3807 2669 3862 Liv.
2708 3810 2792 3875 13,

423 3918 473 3971 p.
510 3900 667 3968 XIX,
708 3900 777 3955 ad
812 3899 945 3953 Eun.
982 3904 1074 3968 44,
1110 3916 1162 3967 p.
1200 3899 1302 3953 LX
1334 3900 1404 3955 ad
1438 3901 1566 3954 Acc.
1605 3903 1734 3966 495,
1781 3897 1885 3951 vol.
1921 3895 2000 3966 H,
2036 3914 2087 3964 p.
2125 3894 2315 3964 XVH,
2349 3893 2548 3949 XXIX
2584 3910 2661 3963 sp.
2699 3893 2793 3948 ad-

421 3987 795 4043 litterationem
829 3986 887 4038 in
922 3985 1144 4040 eandem
1179 3985 1491 4040 sententiam
1527 3983 1736 4052 accepit
1769 3999 1832 4038 ac
1866 3997 1962 4036 nos
1998 3982 2414 4037 homoeoaroton.
2473 3979 2794 4049 Nuperrime

425 4074 650 4143 denique
684 4070 1142 4130 Woelfflinius
1179 4070 1259 4140 (Ι).
1295 4071 1383 4126 311.
1419 4070 1580 4124 Verb.
1620 4071 1669 4124 d.
1705 4068 1796 4125 lat.
1833 4067 1966 4137 Spr.’
2024 4066 2167 4123 s-B.
2206 4068 2256 4122 d.
2293 4068 2343 4123 k.
2380 4067 2510 4122 bair.
2535 4066 2634 4121 Ak.
2657 4072 2789 4120 1881

424 4160 527 4214 vol.
553 4158 624 4228 H,
652 4165 698 4229 1,
724 4177 774 4227 p.
797 4163 829 4211 3
852 4174 966 4227 sqq.
1002 4156 1445 4212 adlitterafionem
1481 4156 1550 4212 ad
1584 4156 1784 4225 primas
1817 4157 2024 4210 tantum
2058 4155 2260 4210 litteras
2295 4155 2576 4211 verborum
2611 4155 2792 4209 referri

423 4245 554 4300 vult.
594 4244 764 4309 Quem
806 4246 1022 4298 secutus
1065 4246 1148 4297 est
1180 4241 1270 4295 W.
1306 4242 1556 4297 Ebrard
1611 4240 1727 4312 ‘Die
1762 4241 1931 4297 Allitt.
1984 4242 2043 4295 in
2089 4243 2137 4296 d.
2174 4241 2262 4298 lat.
2299 4241 2431 4312 Spr.²
2501 4241 2790 4311 Bayreuth.

424 4330 604 4399 Progr.
644 4333 795 4395 1882,
832 4347 882 4398 Ρ.
919 4336 977 4384 3:
1016 4328 1388 4400 ‘Allitteration
1423 4360 1492 4369 —
1527 4328 1875 4399 Gleichklang
1908 4329 1985 4382 im
2019 4328 2254 4385 Anlaut'.
