3125 4867
1254 351 1680 415 -49-

289 527 652 587 Rimchelius
696 528 841 605 prol.
897 528 973 587 ad
1017 527 1176 586 Trin.
1221 546 1277 605 p.
1324 527 1517 587 CCVI
1553 546 1680 605 sqq.
1741 529 1897 587 hanc
1952 528 2154 604 legem
2197 529 2528 588 accuratius
2572 529 2652 588 ita

288 630 708 707 interpretatus
754 635 877 705 est,
936 636 1004 689 ut
1046 631 1464 705 constitueret,
1507 631 1575 689 in
1620 631 1920 705 elegantia
1962 630 2068 689 illa
2107 650 2233 714 non
2275 632 2502 692 versari
2542 632 2657 690 ini-

252 739 265 752 “
288 734 436 792 tium
480 752 765 793 versuum
809 739 871 794 et
912 734 1147 793 tertiam
1190 753 1226 792 a
1269 736 1388 792 fine
1430 734 1643 809 arsim,
1688 752 1895 792 verum
1938 733 2167 794 medias
2210 753 2373 794 arses
2419 735 2478 794 ei
2522 753 2656 794 esse

289 836 597 896 subiectas.
664 838 745 896 At
787 838 934 896 haec
976 837 1187 912 regula
1230 855 1352 896 non
1396 842 1490 896 est
1534 837 1667 896 sin'e
1698 837 2062 913 exceptione.
2123 838 2213 896 Ac
2240 839 2466 915 primae
2489 857 2655 898 meae

287 940 410 1015 legi
451 944 802 1016 argumento
847 944 955 1012 est,
999 940 1155 1017 quod
1202 940 1268 998 in
1312 940 1539 1016 duplici
1584 940 1991 999 homoeoarcto
2035 940 2390 1016 aliquotiens
2430 941 2655 1018 primae

287 1044 527 1101 illarum
569 1061 782 1102 vocum
827 1043 1093 1117 syllabae
1136 1044 1201 1101 in
1246 1044 1515 1119 quintam
1561 1044 1742 1102 arsim
1773 1043 1955 1102 troch.
1981 1048 2129 1120 sept.
2176 1048 2451 1123 receptae
2494 1049 2650 1105 sunt.

289 1146 447 1204 Trin.
497 1149 660 1223 3213
705 1146 920 1223 Amph.
970 1148 1126 1206 841:

369 1267 687 1327 Benefacta
728 1266 1058 1327 benefactis
1099 1266 1234 1328 aliis
1267 1285 1315 1342 p
1330 1266 1586 1350 efrteqito
1630 1283 1709 1326 ne
1743 1235 2083 1343 perpluant.

372 1369 568 1429 Deum
610 1373 837 1429 metum
881 1374 942 1428 et
984 1371 1301 1446 parentum
1343 1387 1605 1429 amorem
1649 1375 1711 1428 et
1754 1388 1784 1428 c
1798 1374 1831 1427 ό
1843 1376 2096 1444 qnatwm
2139 1370 2520 1430 concordiam.

459 1490 775 1566 Singulare
819 1508 959 1549 vero
993 1490 1492 1566 impedimentum
1521 1490 1718 1567 poetis
1748 1490 1975 1549 obstitit
2016 1491 2081 1548 in
2124 1491 2248 1566 fine
2290 1495 2348 1550 et
2377 1491 2443 1550 in
2471 1492 2650 1560 initio

287 1613 570 1654 versuum
615 1597 677 1653 et
719 1597 857 1653 ante
899 1611 1221 1652 caesuram.

455 1698 545 1756 Ac
586 1697 846 1774 primum
888 1696 1157 1772 quidem,
1213 1696 1491 1773 quotiens
1535 1714 1746 1756 versus
1790 1695 2060 1755 iambicis
2104 1697 2206 1756 vel
2248 1697 2648 1773 pyrrhichicis

286 1800 587 1859 vocabulis
641 1799 957 1873 finiuntur,
1017 1800 1266 1858 verbum
1329 1798 1694 1859 antecedens
1707 1843 1721 1872 ,
1786 1798 1907 1857 nisi
1973 1800 2256 1858 creticum
2321 1801 2646 1860 molossum

284 1903 688 1962 choriambum
744 1906 956 1980 aequat
969 1947 983 1975 ,
1041 1895 1293 1978 primam
1336 1902 1627 1977 syllabam
1687 1902 1799 1961 sub
1842 1901 1967 1961 ictu
2009 1902 2229 1962 habere
2274 1921 2396 1962 non
2438 1909 2647 1979 potest.

283 2007 497 2064 Bacch.
544 2010 701 2082 2813
745 2005 963 2066 Pseud.
1011 2009 1167 2066 815:

700 2125 862 2185 Perii
904 2126 1109 2185 hercle
1151 2126 1387 2185 lembus
1429 2126 1535 2186 ffle
1580 2126 1731 2185 mihi
1775 2125 1948 2184 laedit
1992 2125 2164 2184 latus.

692 2230 1021 2305 Apponunt
1062 2228 1353 2288 rumicem
1396 2230 1719 2288 brassicam
1762 2229 1952 2288 betdm
1993 2228 2220 2288 blitum.

455 2365 531 2422 In
558 2364 736 2423 initio
765 2368 964 2423 autem
993 2382 1276 2424 versuum
1308 2365 1754 2460 trochaicorwsg,
1800 2365 1919 2423 nisi
1946 2365 2139 2441 prima
2166 2383 2285 2424 vox
2305 2366 2647 2425 trochaeum

281 2466 385 2525 vel
426 2469 608 2526 totam
652 2465 952 2543 dipodiam
995 2472 1225 2544 aequat,
1271 2469 1539 2541 verbum,
1583 2468 1741 2545 quod
1787 2467 2118 2527 secundum
2161 2468 2358 2527 locum
2402 2470 2645 2544 obtinet,

279 2571 347 2627 in
390 2570 549 2639 thesi
593 2570 950 2630 delitescere
994 2575 1240 2647 oportet.
1329 2570 1487 2630 Men.
1537 2574 1691 2631 918:

1757 2725 1838 2732 —
1885 2690 2042 2768 Quin
2086 2693 2154 2750 tu
2195 2709 2387 2767 rogaS,

370 2794 750 2870 Pdmurem
781 2812 1005 2870 panem
1049 2796 1125 2853 an
1169 2794 1507 2870 puniceum,
1553 2795 1776 2854 soleam
1807 2813 1931 2870 ego
1976 2812 2128 2868 esse,
2172 2813 2250 2853 an
2293 2795 2541 2855 luteum.

457 2929 586 3003 Qua
628 2931 694 2989 in
737 2948 803 2990 re
850 2932 904 2990 si
947 2929 1275 2991 secundum
1317 2933 1673 2991 vocabulum
1714 2933 2060 2991 trochaeum
2102 2936 2316 3008 aequat
2359 2933 2460 2991 vel
2501 2934 2645 2991 iam—

284 3033 428 3089 bum
450 3034 547 3090 vel
568 3033 928 3106 tribrachyn,
951 3051 1073 3091 non
1094 3033 1295 3092 minus
1311 3035 1555 3092 tertium
1575 3035 1928 3092 vocabulum
1950 3034 2253 3109 premitur.
2300 3034 2464 3109 Capt.
2490 3037 2644 3094 322:

542 3150 642 3209 Me
685 3156 961 3209 saturum
1003 3155 1216 3210 servire
1257 3152 1415 3228 apud
1457 3157 1518 3211 te
1563 3155 1806 3228 sumptu
1849 3158 1912 3212 et
1955 3152 2174 3211 vestitu
2216 3156 2335 3211 tu0.

456 3269 686 3330 Rursus
739 3269 808 3330 in
848 3269 1026 3328 initio
1068 3270 1459 3342 iambicorum
1512 3290 1821 3345 versuum,
1888 3271 1942 3331 si
1983 3271 2175 3348 prima
2230 3290 2349 3330 vox
2405 3276 2526 3331 tota
2579 3274 2645 3332 in

281 3373 443 3432 thesi
486 3373 676 3433 locata
723 3378 832 3447 est,
876 3373 951 3434 de
998 3374 1261 3432 secunda
1301 3376 1475 3434 tertia
1516 3379 1724 3453 quarta
1768 3392 1911 3434 voce
1956 3374 2116 3448 idem
2163 3379 2252 3433 est
2281 3375 2645 3435 constituen-

281 3477 428 3535 dum
441 3521 455 3550 ,
514 3476 674 3553 quod
716 3476 792 3535 de
833 3476 1025 3553 prima
1070 3477 1334 3536 secunda
1392 3479 1567 3537 tertia
1622 3495 1905 3538 versuum
1958 3478 2419 3555 trochaicorum;
2473 3493 2643 3556 porro

279 3580 560 3657 quotiens
602 3580 861 3656 primum
904 3580 1257 3639 vocabulum
1300 3581 1562 3639 iambum
1613 3586 1998 3659 anapaestum
2052 3582 2383 3658 spondeum
2441 3581 2644 3657 dacty-

279 3683 411 3741 lum
454 3687 684 3760 aequat,
730 3682 1061 3742 secundum
1105 3701 1354 3760 quoque,
1400 3688 1458 3743 et
1501 3684 1622 3743 nisi
1667 3684 1997 3744 secundum
2038 3689 2139 3743 aut
2168 3684 2643 3758 monosyllabum

279 3790 392 3860 est,
439 3790 542 3844 aut
584 3786 896 3845 bacchium
938 3786 1261 3845 molossum
1305 3787 1712 3846 choriambum
1756 3792 1987 3864 aequat,
2030 3787 2173 3845 item
2201 3788 2447 3847 tertium
2475 3806 2644 3847 voca-

278 3888 492 3947 bulum
532 3888 598 3946 in
640 3888 799 3947 thesi
841 3889 1079 3948 iaceant
1120 3907 1366 3948 necesse
1411 3894 1519 3948 est.
1608 3891 1745 3949 Ace.
1789 3895 1861 3948 tr.
1912 3892 2069 3966 2003
2113 3890 2283 3949 Most.
2329 3893 2441 3949 41:

632 4007 830 4066 Maio‘r
872 4009 1028 4067 mihi
1069 4009 1275 4083 moleS,
1320 4009 1514 4068 maius
1557 4009 1990 4069 miscendumst
2031 4008 2270 4068 malum.

644 4111 833 4170 Canes
876 4129 1048 4188 capro
1092 4116 1406 4171 conmixta.
1451 4146 1535 4155 -—
1581 4110 1738 4185 Quid
1781 4112 1873 4171 vis
1916 4112 2068 4172 fieri.

454 4228 751 4288 Nimirum
794 4236 932 4290 ante
977 4250 1283 4291 caesuram
1325 4233 1660 4308 legitimam
1701 4236 1927 4308 poetae,
1970 4235 2039 4290 ut
2078 4249 2212 4290 eam
2238 4232 2415 4307 paulo
2459 4233 2644 4309 signi-

275 4332 559 4393 ficantius
625 4332 1090 4409 distinguerent,
1157 4353 1230 4395 ea
1293 4337 1475 4395 verba
1539 4336 1927 4408 adhibebant,
1992 4352 2145 4410 quae
2202 4334 2470 4411 longiora
2524 4354 2644 4394 uno

2201 4437 2234 4484 4
